,id,price,year,manufacturer,condition,cylinders,fuel,odometer,transmission,drive,size,type,paint_color,state,lat,long,posting_date,reused_desc
0,7311994652,5800,2012,volkswagen,unlisted,5,gas,148000.0,automatic,unlisted,unlisted,unlisted,unlisted,az,32.2434,-111.0179,2021-04-24T11:44:09-0700,False
1,7313503287,10200,1990,ford,excellent,6,gas,135000.0,automatic,4wd,mid-size,truck,white,oh,40.0778,-80.9788,2021-04-27T15:57:17-0400,False
2,7306460136,29995,2011,ford,like new,8,gas,22543.0,automatic,4wd,full-size,pickup,blue,ca,37.765104,-120.850714,2021-04-13T17:03:15-0700,True
3,7314826732,8997,2002,ford,unlisted,8,gas,191155.0,automatic,4wd,unlisted,truck,blue,fl,27.329701,-82.530265,2021-04-30T11:36:54-0400,False
4,7315446340,33000,2020,chevrolet,new,6,gas,7500.0,automatic,rwd,unlisted,unlisted,black,tn,36.304307,-88.276606,2021-05-01T14:13:55-0500,False
5,7315743878,1500,1990,volvo,good,4,gas,205000.0,automatic,rwd,unlisted,wagon,blue,co,39.74395,-104.895444,2021-05-02T08:54:11-0600,False
6,7306922430,16990,2019,toyota,excellent,4,gas,65080.0,automatic,fwd,unlisted,sedan,black,nc,35.730359,-81.360243,2021-04-14T18:00:27-0400,True
7,7313305142,0,2017,jeep,excellent,8,gas,44269.0,automatic,4wd,mid-size,SUV,red,ks,36.72137,-95.93518,2021-04-27T09:35:21-0500,False
8,7304221373,14500,2017,nissan,excellent,6,gas,91165.0,automatic,fwd,unlisted,sedan,red,wi,44.610504,-88.049143,2021-04-09T11:47:49-0500,True
9,7308229859,560,2017,gmc,unlisted,8,gas,58970.0,automatic,4wd,unlisted,truck,unlisted,wa,46.212261,-119.16057,2021-04-17T07:46:26-0700,False
10,7302048818,16986,2017,volkswagen,excellent,4,gas,35425.0,automatic,4wd,compact,SUV,black,vt,44.439408,-73.210163,2021-04-05T10:50:06-0400,False
11,7314049470,7990,2010,volkswagen,excellent,5,gas,102500.0,automatic,fwd,compact,coupe,red,la,29.970842,-90.082653,2021-04-28T16:21:52-0500,False
12,7305431004,13000,2004,unlisted,like new,8,gas,47000.0,manual,rwd,mid-size,coupe,red,ky,38.5649,-84.7679,2021-04-11T20:38:07-0400,False
13,7311451370,26990,2016,chevrolet,good,8,gas,75734.0,automatic,rwd,full-size,truck,white,pa,40.468785,-74.281707,2021-04-23T13:44:40-0400,False
14,7309867206,9800,2012,honda,good,4,gas,85000.0,automatic,fwd,unlisted,unlisted,black,mi,41.9255,-85.0057,2021-04-20T12:38:17-0400,False
15,7316988274,11000,2012,audi,good,6,gas,144000.0,automatic,4wd,full-size,unlisted,white,mo,38.4305,-90.387,2021-05-04T17:34:01-0500,False
16,7316789268,0,2009,ram,unlisted,8,gas,129163.0,automatic,4wd,unlisted,unlisted,unlisted,or,45.6914,-122.5805,2021-05-04T09:52:42-0700,False
17,7316916641,24500,2014,chevrolet,good,8,gas,95000.0,automatic,4wd,full-size,truck,red,ky,37.099509,-85.316384,2021-05-04T15:16:24-0500,True
18,7315329477,27997,2018,unlisted,unlisted,6,gas,39467.0,automatic,rwd,full-size,sedan,silver,tx,32.840011,-97.225295,2021-05-01T11:00:06-0500,False
19,7315398481,4995,2009,ford,unlisted,4,gas,92972.0,automatic,fwd,unlisted,sedan,white,il,41.572305,-88.113993,2021-05-01T12:52:43-0500,False
20,7312380751,29990,2012,toyota,good,6,gas,43182.0,other,4wd,unlisted,pickup,white,fl,30.33,-81.65,2021-04-25T12:51:17-0400,False
21,7301617055,43990,2020,buick,good,6,gas,5217.0,other,fwd,unlisted,SUV,unlisted,mi,42.24,-84.4,2021-04-04T09:01:29-0400,False
22,7315276320,5499,2011,toyota,like new,4,gas,200000.0,automatic,fwd,unlisted,unlisted,unlisted,ct,41.7498,-72.6947,2021-05-01T10:22:15-0400,False
23,7315145180,6499,2010,chevrolet,excellent,4,gas,99000.0,automatic,fwd,unlisted,sedan,blue,nj,40.0293,-74.9497,2021-04-30T22:01:35-0400,True
24,7309944749,5950,2006,toyota,excellent,4,gas,158311.0,automatic,fwd,unlisted,sedan,grey,tx,27.713867,-97.443811,2021-04-20T13:31:18-0500,False
25,7311698078,14500,2005,jeep,good,6,gas,124053.0,automatic,4wd,full-size,SUV,blue,sc,34.586557,-83.761243,2021-04-23T22:01:16-0400,False
26,7314155147,48999,2011,ford,unlisted,8,diesel,65617.0,automatic,4wd,unlisted,truck,unlisted,or,47.81247,-122.32164,2021-04-28T18:38:05-0700,False
27,7313770432,0,2015,toyota,excellent,4,gas,106367.0,automatic,fwd,mid-size,SUV,silver,oh,41.691756,-83.628175,2021-04-28T09:19:02-0400,False
28,7316150567,8998,2014,chevrolet,unlisted,4,gas,109451.0,automatic,fwd,compact,sedan,custom,ga,34.087409,-83.945058,2021-05-03T09:31:22-0400,False
29,7316549625,34500,2018,chevrolet,unlisted,4,diesel,59952.0,automatic,4wd,unlisted,unlisted,unlisted,or,47.412043,-122.241112,2021-05-03T18:29:58-0700,False
30,7310622550,1000,1998,unlisted,good,6,gas,157846.0,automatic,4wd,mid-size,SUV,silver,ca,38.917,-119.9865,2021-04-21T16:31:27-0700,False
31,7314584234,20990,2013,mercedes-benz,good,6,gas,59518.0,other,rwd,unlisted,sedan,unlisted,tx,31.84,-106.43,2021-04-29T17:11:02-0600,False
32,7314369989,59700,2016,chevrolet,unlisted,8,other,2522.0,automatic,fwd,compact,other,unlisted,ok,44.927304,-123.030322,2021-04-29T11:37:50-0500,True
33,7311487367,17299,2017,nissan,good,4,gas,55749.0,automatic,4wd,full-size,SUV,black,vt,44.9502,-72.1376,2021-04-23T14:39:59-0400,False
34,7316838893,9750,2008,subaru,like new,6,gas,120000.0,automatic,4wd,unlisted,SUV,unlisted,ca,33.613,-117.662,2021-05-04T11:08:18-0700,False
35,7311321902,9900,2006,lexus,excellent,6,gas,95048.0,automatic,4wd,unlisted,sedan,silver,ma,42.22311,-71.70354,2021-04-23T10:20:24-0400,False
36,7303478196,21980,2017,kia,unlisted,6,gas,63505.0,automatic,fwd,unlisted,sedan,grey,mt,47.692931,-117.411632,2021-04-07T20:33:23-0600,False
37,7315294754,5650,2012,dodge,good,4,gas,150000.0,automatic,unlisted,unlisted,unlisted,unlisted,nv,36.218,-115.1709,2021-05-01T07:58:33-0700,False
38,7316815676,2990,2005,ford,unlisted,6,gas,143623.0,automatic,4wd,unlisted,hatchback,red,me,42.8285,-71.6606,2021-05-04T13:32:27-0400,True
39,7316645520,13500,2006,ford,excellent,8,gas,90777.0,automatic,4wd,full-size,pickup,brown,wi,43.8487,-91.2484,2021-05-04T07:16:20-0500,False
40,7306998574,5500,2008,chevrolet,good,6,gas,132000.0,automatic,fwd,mid-size,sedan,black,wi,43.5298,-89.9966,2021-04-14T19:59:21-0500,False
41,7313267460,9995,1997,chevrolet,unlisted,8,gas,87783.0,automatic,rwd,unlisted,convertible,white,dc,38.262775,-77.494843,2021-04-27T09:18:55-0400,True
42,7315020880,5350,2011,ford,excellent,4,gas,129359.0,automatic,4wd,unlisted,SUV,black,me,43.036758,-71.414421,2021-04-30T17:00:31-0400,False
43,7307712094,8975,2012,ford,good,4,gas,74000.0,automatic,fwd,unlisted,sedan,custom,in,41.075609,-85.030367,2021-04-16T11:12:29-0400,False
44,7315597743,7500,2005,ford,good,8,gas,129334.0,automatic,fwd,full-size,truck,custom,oh,39.138346,-84.525383,2021-05-01T20:57:26-0400,False
45,7309435754,28990,2017,ford,like new,6,gas,59608.0,automatic,4wd,full-size,SUV,black,il,42.267453,-89.826221,2021-04-19T14:42:48-0500,False
46,7314319000,4750,1976,chevrolet,good,8,gas,88000.0,manual,4wd,full-size,truck,silver,fl,30.275221,-83.049732,2021-04-29T11:12:30-0400,False
47,7316334748,0,2014,chevrolet,excellent,8,gas,60246.0,automatic,rwd,mid-size,truck,white,ok,35.71996,-96.95391,2021-05-03T13:28:03-0500,False
48,7308179602,39590,2019,unlisted,good,6,gas,25399.0,other,unlisted,unlisted,sedan,red,ga,31.15,-81.48,2021-04-17T09:01:04-0400,False
49,7311906669,0,2020,chevrolet,excellent,8,gas,49199.0,automatic,rwd,full-size,SUV,black,ca,39.03292,-122.92535,2021-04-24T09:27:19-0700,False
50,7314101462,37995,2018,ford,unlisted,8,gas,37069.0,automatic,4wd,unlisted,unlisted,white,id,40.376357,-111.806112,2021-04-28T17:14:13-0600,True
51,7315814558,0,1997,ford,unlisted,8,diesel,216148.0,automatic,4wd,unlisted,truck,unlisted,or,45.385979,-122.608301,2021-05-02T10:18:52-0700,False
52,7315686764,25990,2014,chevrolet,good,8,other,82140.0,automatic,4wd,unlisted,pickup,black,fl,33.779214,-84.411811,2021-05-02T08:01:01-0400,False
53,7304678527,9900,2004,jeep,good,6,gas,248000.0,automatic,4wd,unlisted,SUV,brown,oh,39.8324,-84.8936,2021-04-10T11:20:02-0400,True
54,7309742810,0,2018,dodge,like new,6,gas,16423.0,automatic,4wd,full-size,SUV,silver,va,39.141109,-78.190523,2021-04-20T09:16:00-0400,False
55,7311215858,3495,2007,nissan,unlisted,6,gas,180000.0,automatic,unlisted,unlisted,unlisted,unlisted,tx,31.759169,-106.398835,2021-04-22T22:36:36-0600,True
56,7312730539,7200,2014,subaru,good,4,gas,114007.0,automatic,fwd,full-size,sedan,grey,pa,40.0634,-74.999,2021-04-26T08:47:46-0400,True
57,7309483266,0,2015,ford,unlisted,4,gas,45715.0,automatic,rwd,unlisted,coupe,unlisted,or,45.385979,-122.608301,2021-04-19T13:57:09-0700,False
58,7315875788,19900,2018,toyota,like new,6,gas,14000.0,automatic,fwd,mid-size,mini-van,white,ma,40.7446,-73.9345,2021-05-02T15:15:10-0400,False
59,7315205547,6993,2011,chrysler,unlisted,6,gas,128136.0,automatic,fwd,unlisted,van,silver,tx,29.89036,-95.392527,2021-05-01T04:24:10-0500,False
60,7315366883,19788,2014,audi,unlisted,6,gas,97185.0,automatic,unlisted,unlisted,SUV,white,fl,28.0772,-82.4455,2021-05-01T13:01:54-0400,False
61,7312773477,13488,2014,buick,like new,4,gas,89101.0,automatic,4wd,compact,SUV,grey,vt,44.1945,-72.4936,2021-04-26T10:18:15-0400,False
62,7316882581,3500,2007,volkswagen,excellent,4,gas,173900.0,manual,fwd,unlisted,unlisted,grey,ma,42.472883,-73.164284,2021-05-04T15:19:05-0400,True
63,7316291552,13888,2012,toyota,excellent,6,gas,99862.0,automatic,fwd,unlisted,sedan,silver,ca,37.323637,-121.908626,2021-05-03T10:21:36-0700,True
64,7316444175,0,2011,chrysler,unlisted,6,other,87000.0,automatic,fwd,unlisted,sedan,silver,ca,33.680076,-117.921415,2021-05-03T14:30:29-0700,False
65,7308045067,13995,2016,chrysler,excellent,6,gas,94127.0,automatic,fwd,unlisted,mini-van,silver,or,45.48814,-122.579537,2021-04-16T17:45:17-0700,True
66,7316889794,225995,2016,porsche,unlisted,6,gas,159.0,other,rwd,unlisted,coupe,purple,hi,21.297002,-157.860961,2021-05-04T09:31:19-1000,False
67,7316926148,46495,2015,gmc,unlisted,8,diesel,142900.0,automatic,4wd,unlisted,truck,silver,or,45.509778,-122.967379,2021-05-04T13:33:35-0700,False
68,7301619870,41990,2020,dodge,good,8,gas,1707.0,other,rwd,unlisted,coupe,unlisted,ca,35.38,-119.02,2021-04-04T06:13:25-0700,False
69,7314700230,2300,2005,honda,salvage,6,gas,241892.0,automatic,unlisted,full-size,sedan,blue,tx,30.6582,-96.3351,2021-04-30T02:27:42-0500,False
70,7313203199,58000,2017,ram,like new,6,diesel,49500.0,automatic,4wd,full-size,pickup,red,wa,46.156,-119.264,2021-04-26T22:15:38-0700,False
71,7303071366,39990,2019,gmc,good,8,gas,7256.0,other,unlisted,unlisted,pickup,black,ny,43.04,-76.14,2021-04-07T09:51:40-0400,False
72,7302628762,42990,2019,kia,good,6,gas,8270.0,other,unlisted,unlisted,sedan,black,sc,34.83,-82.37,2021-04-06T12:01:12-0400,False
73,7314537848,39990,2018,audi,good,6,other,33824.0,other,unlisted,unlisted,sedan,black,in,39.77,-86.14,2021-04-29T17:31:47-0400,False
74,7315385612,11950,2014,toyota,excellent,6,gas,83235.0,automatic,fwd,unlisted,mini-van,white,il,41.924257,-87.771173,2021-05-01T12:31:47-0500,False
75,7316301342,13460,2014,gmc,unlisted,6,gas,107328.0,automatic,fwd,unlisted,SUV,silver,ca,36.211906,-119.314975,2021-05-03T10:36:16-0700,False
76,7316967268,0,2006,ram,unlisted,6,diesel,84891.0,manual,4wd,unlisted,truck,unlisted,or,45.385979,-122.608301,2021-05-04T14:50:44-0700,False
77,7313577175,9750,2014,ford,excellent,8,other,97000.0,automatic,rwd,full-size,other,blue,ca,34.141,-117.6581,2021-04-27T15:17:39-0700,False
78,7314568149,8997,2016,nissan,excellent,4,gas,61640.0,automatic,fwd,unlisted,hatchback,blue,ok,36.062162,-95.797464,2021-04-29T17:35:17-0500,False
79,7312736919,100,2017,subaru,like new,4,gas,66341.0,automatic,4wd,mid-size,sedan,silver,pa,40.697403,-75.226393,2021-04-26T09:04:59-0400,True
80,7307225750,35990,2018,ram,good,8,gas,21885.0,other,4wd,unlisted,pickup,white,wi,43.7,-87.74,2021-04-15T11:10:52-0500,False
81,7313398815,1,2015,chevrolet,excellent,6,gas,99284.0,automatic,4wd,full-size,truck,white,fl,28.466088,-81.396429,2021-04-27T13:07:52-0400,False
82,7315911399,7500,2006,toyota,good,6,gas,279000.0,automatic,unlisted,unlisted,unlisted,white,tx,31.5527,-97.1588,2021-05-02T15:25:02-0500,False
83,7316810067,0,2006,ford,unlisted,8,gas,289162.0,automatic,4wd,unlisted,truck,unlisted,or,45.407237,-122.625196,2021-05-04T10:23:57-0700,False
84,7307600103,11495,2015,toyota,unlisted,4,gas,88312.0,automatic,fwd,mid-size,sedan,blue,md,39.492412,-76.674443,2021-04-16T06:01:57-0400,False
85,7307947692,14995,2008,mercedes-benz,excellent,8,gas,115671.0,automatic,4wd,unlisted,sedan,blue,oh,40.064137,-82.998073,2021-04-16T17:15:27-0400,False
86,7313358994,39995,2018,toyota,unlisted,8,gas,54644.0,automatic,4wd,unlisted,truck,unlisted,fl,28.763821,-81.282651,2021-04-27T12:06:29-0400,False
87,7313337655,0,2018,gmc,excellent,6,gas,26244.0,automatic,4wd,mid-size,truck,white,ar,34.90067,-95.75197,2021-04-27T10:32:16-0500,False
88,7308039924,5900,2001,jeep,excellent,6,gas,107346.0,automatic,4wd,unlisted,SUV,green,pa,40.137859,-74.820807,2021-04-16T20:31:51-0400,False
89,7310424777,0,2008,subaru,excellent,4,gas,116181.0,manual,4wd,compact,sedan,black,oh,39.28685,-84.46832,2021-04-21T13:34:31-0400,False
90,7313414887,15950,2013,ford,excellent,6,gas,184743.0,automatic,4wd,full-size,truck,red,il,38.4456,-91.0206,2021-04-27T12:32:48-0500,False
91,7315095020,7995,2010,subaru,good,4,gas,84834.0,automatic,4wd,unlisted,unlisted,orange,ca,39.52095,-119.786556,2021-04-30T16:34:01-0700,False
92,7315632743,7000,2008,honda,excellent,6,gas,198800.0,automatic,fwd,unlisted,sedan,silver,ak,61.153921,-149.929047,2021-05-01T19:18:11-0800,False
93,7308471782,4471,2009,mercury,excellent,6,gas,125427.0,automatic,unlisted,unlisted,other,unlisted,mi,42.568136,-83.813674,2021-04-17T17:03:22-0400,False
94,7313142676,8980,2009,toyota,unlisted,4,gas,140659.0,manual,fwd,unlisted,sedan,white,mt,47.692931,-117.411632,2021-04-26T19:03:51-0600,True
95,7303321769,32990,2018,ford,good,8,gas,20558.0,other,unlisted,unlisted,pickup,unlisted,al,34.57,-86.98,2021-04-07T15:30:51-0500,False
96,7305832256,11999,2011,gmc,unlisted,8,gas,201702.0,automatic,4wd,unlisted,SUV,unlisted,co,40.182151,-105.102373,2021-04-12T14:19:59-0600,False
97,7310112355,15500,2017,toyota,excellent,4,gas,54000.0,automatic,fwd,compact,sedan,white,in,38.2744,-87.7091,2021-04-20T18:48:32-0500,False
98,7311303088,18900,2003,unlisted,good,8,diesel,259000.0,manual,rwd,full-size,truck,white,mn,44.024,-92.7464,2021-04-23T08:46:47-0500,False
99,7310318841,56900,2013,unlisted,excellent,6,diesel,130556.0,automatic,rwd,full-size,truck,red,ri,41.6914,-71.5768,2021-04-21T10:49:03-0400,True
100,7314060280,0,2013,audi,excellent,6,gas,76959.0,automatic,4wd,mid-size,SUV,blue,tx,29.485474,-98.499295,2021-04-28T16:43:42-0500,False
101,7315568386,3600,2004,unlisted,good,4,gas,70000.0,automatic,fwd,mid-size,sedan,white,md,39.1702,-76.5798,2021-05-01T19:31:05-0400,False
102,7316493827,14250,2016,kia,excellent,4,gas,40961.0,automatic,fwd,mid-size,hatchback,grey,ca,37.8601,-122.4946,2021-05-03T16:12:45-0700,False
103,7301718123,72999,2017,gmc,unlisted,8,diesel,43919.0,automatic,4wd,unlisted,truck,white,wa,47.1991,-122.3151,2021-04-04T10:36:24-0700,True
104,7315232251,2800,2003,lincoln,excellent,8,gas,121000.0,automatic,rwd,full-size,sedan,blue,nc,35.481,-78.349,2021-05-01T08:27:30-0400,False
105,7315922264,2800,1996,lincoln,excellent,8,gas,88000.0,automatic,rwd,compact,sedan,white,nj,40.306,-74.06,2021-05-02T16:48:16-0400,False
106,7310878720,37590,2017,infiniti,good,8,gas,60560.0,automatic,4wd,unlisted,other,white,oh,39.09,-84.51,2021-04-22T12:11:01-0400,False
107,7302778337,8499,2007,lexus,like new,6,gas,165000.0,automatic,rwd,full-size,sedan,black,ms,32.4122,-90.1207,2021-04-06T14:53:15-0500,False
108,7303231069,2200,2001,unlisted,unlisted,4,gas,87565.0,manual,fwd,unlisted,sedan,black,pa,40.1083,-76.5103,2021-04-07T14:03:28-0400,True
109,7303638856,35200,2019,ford,excellent,6,gas,31020.0,automatic,rwd,full-size,van,white,tn,36.4641,-86.65828,2021-04-08T11:06:34-0400,False
110,7307214380,14999,2014,ford,unlisted,8,diesel,312826.0,other,4wd,unlisted,truck,white,wi,42.3542,-87.8651,2021-04-15T10:53:41-0500,False
111,7311717096,31987,2015,unlisted,excellent,6,gas,48059.0,automatic,rwd,unlisted,sedan,white,nc,35.582339,-80.86075,2021-04-23T23:12:27-0400,False
112,7310405679,563,2020,infiniti,unlisted,6,other,27784.0,other,unlisted,unlisted,unlisted,blue,or,43.7839,-123.0529,2021-04-21T10:04:53-0700,False
113,7314935654,10950,2016,fiat,like new,4,gas,48901.0,automatic,4wd,mid-size,SUV,white,ca,32.8919,-117.2035,2021-04-30T11:33:58-0700,False
114,7310669731,6700,2006,toyota,excellent,6,hybrid,141110.0,automatic,4wd,unlisted,SUV,white,pa,40.003565,-75.139607,2021-04-21T21:40:49-0400,False
115,7308796764,36590,2019,gmc,good,8,gas,14222.0,other,4wd,unlisted,pickup,blue,tn,35.63,-88.82,2021-04-18T11:50:56-0500,False
116,7316033119,20000,1958,chevrolet,excellent,8,gas,1.0,automatic,unlisted,unlisted,unlisted,unlisted,or,42.161826,-123.646608,2021-05-02T18:34:56-0700,False
117,7315130218,10988,2010,volvo,excellent,6,gas,123000.0,automatic,4wd,unlisted,SUV,unlisted,il,38.615965,-90.311124,2021-04-30T20:11:09-0500,False
118,7313679241,68995,2017,ford,unlisted,8,other,65120.0,automatic,4wd,unlisted,pickup,black,az,33.396353,-111.954863,2021-04-27T19:53:12-0700,True
119,7315244033,7300,2002,chevrolet,good,8,gas,162963.0,automatic,unlisted,unlisted,unlisted,black,ca,34.2846,-119.2222,2021-05-01T06:06:21-0700,False
120,7311298712,31000,2018,mercedes-benz,like new,4,gas,37943.0,automatic,4wd,mid-size,sedan,black,ma,42.209767,-72.630106,2021-04-23T09:38:05-0400,True
121,7315753533,6995,2013,dodge,excellent,4,gas,111837.0,other,unlisted,unlisted,sedan,unlisted,ca,34.200831,-118.571557,2021-05-02T08:15:26-0700,False
122,7316240439,338,2014,chevrolet,unlisted,6,gas,109368.0,automatic,rwd,unlisted,unlisted,unlisted,ca,33.131405,-117.085811,2021-05-03T09:05:13-0700,False
123,7312011687,3500,2000,ford,good,6,gas,1.0,automatic,fwd,mid-size,convertible,red,tx,29.4166,-98.4262,2021-04-24T14:11:30-0500,False
124,7308651337,29990,2019,ram,good,8,gas,5224.0,other,unlisted,unlisted,pickup,white,ca,33.7865,-84.4454,2021-04-18T03:30:33-0700,False
125,7311054367,13650,2006,ford,good,8,diesel,209000.0,automatic,4wd,full-size,truck,black,ks,39.0607,-95.6745,2021-04-22T16:00:30-0500,False
126,7315346092,8975,2007,ford,excellent,6,gas,121000.0,automatic,rwd,mid-size,pickup,white,ca,34.0662,-117.3993,2021-05-01T09:27:34-0700,True
127,7313604650,7975,2013,ford,excellent,4,hybrid,139000.0,automatic,fwd,mid-size,hatchback,blue,ca,34.070612,-117.383384,2021-04-27T16:19:09-0700,True
128,7315869657,4838,2006,jeep,excellent,6,gas,160252.0,automatic,4wd,unlisted,SUV,unlisted,mi,42.568136,-83.813674,2021-05-02T15:03:16-0400,False
129,7315772575,8000,2015,volkswagen,good,4,gas,75000.0,automatic,unlisted,unlisted,unlisted,black,ny,40.5877,-73.6595,2021-05-02T11:55:53-0400,False
130,7315273822,18850,2014,gmc,excellent,8,gas,162000.0,automatic,4wd,full-size,SUV,silver,ia,41.371899,-96.152653,2021-05-01T09:17:27-0500,True
131,7315004436,31990,2016,lexus,good,6,gas,25804.0,other,unlisted,unlisted,sedan,silver,ny,43.16,-77.61,2021-04-30T16:31:04-0400,False
132,7316931240,11999,2014,mazda,like new,4,gas,142000.0,automatic,4wd,unlisted,unlisted,blue,mn,44.0496,-92.4896,2021-05-04T15:42:35-0500,False
133,7314852215,7990,2012,mercedes-benz,excellent,6,gas,92000.0,automatic,rwd,unlisted,sedan,white,fl,25.9894,-80.2153,2021-04-30T12:17:51-0400,True
134,7302680302,9995,2009,mercedes-benz,excellent,6,gas,76000.0,automatic,unlisted,compact,unlisted,white,ny,42.777009,-73.900217,2021-04-06T13:18:40-0400,False
135,7308055983,13999,2010,ford,unlisted,6,gas,105201.0,automatic,4wd,full-size,truck,orange,co,39.63142,-104.987917,2021-04-16T19:16:04-0600,False
136,7310071222,59999,2014,ram,unlisted,6,diesel,75761.0,manual,4wd,unlisted,pickup,unlisted,wa,47.81247,-122.32164,2021-04-20T15:16:18-0700,False
137,7315007693,5000,2006,mercury,good,6,gas,82000.0,automatic,fwd,unlisted,sedan,silver,ma,42.5274,-71.7563,2021-04-30T16:36:36-0400,False
138,7306916513,39990,2013,chevrolet,good,8,gas,119000.0,automatic,rwd,unlisted,unlisted,white,mi,40.468785,-74.281707,2021-04-14T17:48:25-0400,False
139,7308338674,26495,2012,ford,unlisted,6,gas,103458.0,automatic,4wd,unlisted,truck,brown,wa,45.876983,-119.293925,2021-04-17T10:32:11-0700,False
140,7304184047,43990,2019,dodge,good,8,gas,4783.0,other,rwd,unlisted,coupe,blue,oh,41.08,-81.52,2021-04-09T11:51:22-0400,False
141,7312465186,12800,2013,subaru,excellent,6,gas,108225.0,automatic,4wd,unlisted,wagon,blue,fl,27.4978,-82.4101,2021-04-25T15:19:18-0400,False
142,7310119770,6949,2006,acura,excellent,6,gas,162000.0,automatic,4wd,mid-size,SUV,grey,ca,34.245358,-118.421508,2021-04-20T17:06:34-0700,True
143,7315188293,3800,2003,chevrolet,good,8,gas,192000.0,automatic,rwd,full-size,SUV,grey,la,30.2237,-91.7794,2021-05-01T00:42:57-0500,False
144,7303099075,42590,2020,ram,good,8,gas,12450.0,other,4wd,unlisted,pickup,red,ny,42.1,-75.91,2021-04-07T10:41:18-0400,False
145,7304228081,4450,2007,mercedes-benz,excellent,6,gas,130000.0,automatic,unlisted,unlisted,unlisted,unlisted,ny,43.2291,-77.3088,2021-04-09T12:58:16-0400,False
146,7316839153,7300,2007,mercedes-benz,like new,6,gas,138500.0,automatic,unlisted,unlisted,unlisted,grey,ca,38.4689,-121.344,2021-05-04T11:08:43-0700,False
147,7315148783,3000,2004,toyota,good,8,gas,276000.0,automatic,unlisted,unlisted,SUV,grey,ga,33.5849,-84.3247,2021-04-30T22:14:43-0400,False
148,7315247420,9497,2013,volkswagen,unlisted,4,diesel,135503.0,automatic,fwd,unlisted,sedan,red,ks,39.030074,-94.281498,2021-05-01T08:15:56-0500,False
149,7310487756,7800,2013,hyundai,excellent,4,gas,116650.0,automatic,fwd,full-size,sedan,grey,oh,41.166482,-80.663509,2021-04-21T15:15:25-0400,True
150,7303082378,0,2016,ram,like new,8,gas,81471.0,automatic,4wd,full-size,pickup,white,va,39.1501,-78.269,2021-04-07T10:11:56-0400,False
151,7312792802,35590,2016,lexus,good,8,gas,56295.0,other,unlisted,unlisted,sedan,unlisted,ks,39.09,-94.58,2021-04-26T09:51:23-0500,False
152,7304620880,10495,2009,ford,unlisted,8,unlisted,165345.0,manual,rwd,unlisted,pickup,blue,ct,41.744669,-72.717654,2021-04-10T09:28:40-0400,False
153,7316745310,4350,1998,ford,good,6,gas,135090.0,automatic,rwd,unlisted,convertible,unlisted,ia,41.598065,-93.752518,2021-05-04T10:44:40-0500,False
154,7311470713,33990,2014,ford,good,8,diesel,136250.0,automatic,4wd,full-size,truck,white,wi,40.468785,-74.281707,2021-04-23T13:14:18-0500,False
155,7315540304,9500,2013,volkswagen,excellent,5,gas,102627.0,automatic,fwd,unlisted,sedan,grey,ca,32.5753,-117.0707,2021-05-01T15:20:32-0700,False
156,7306249102,3500,2004,nissan,good,6,gas,134600.0,automatic,fwd,mid-size,mini-van,brown,ca,35.7715,-119.2459,2021-04-13T10:36:55-0700,False
157,7304751218,10995,2014,chevrolet,unlisted,4,gas,65902.0,automatic,fwd,unlisted,hatchback,black,tn,36.541821,-82.234645,2021-04-10T13:12:23-0400,False
158,7313471745,1400,2004,pontiac,fair,6,gas,190000.0,automatic,fwd,mid-size,sedan,silver,oh,39.38475,-84.549458,2021-04-27T15:04:23-0400,False
159,7315390700,8999,2012,honda,good,4,gas,74460.0,automatic,fwd,compact,hatchback,grey,or,42.300559,-122.869059,2021-05-01T10:40:15-0700,True
160,7301948113,32000,2013,gmc,excellent,8,gas,95000.0,manual,4wd,unlisted,truck,black,al,33.8529,-86.8198,2021-04-05T03:23:44-0500,False
161,7316737577,30990,2018,ford,good,6,other,37724.0,other,unlisted,unlisted,sedan,black,tx,32.79,-96.76,2021-05-04T10:31:41-0500,False
162,7303593819,4500,2005,mini,good,4,gas,165000.0,automatic,fwd,compact,hatchback,white,oh,39.219851,-83.680792,2021-04-08T09:48:59-0400,False
163,7312072991,16999,2007,bmw,unlisted,6,gas,60913.0,automatic,rwd,unlisted,coupe,blue,tn,36.138022,-86.732261,2021-04-24T16:00:27-0500,True
164,7316935764,6995,1984,pontiac,like new,8,gas,136912.0,automatic,rwd,full-size,sedan,custom,tx,33.623814,-112.010345,2021-05-04T14:50:55-0600,True
165,7307504135,4999,2005,ford,excellent,4,gas,170358.0,manual,unlisted,unlisted,sedan,unlisted,ca,39.123441,-121.61144,2021-04-15T17:31:32-0700,False
166,7311942024,25990,2014,dodge,good,8,gas,37374.0,other,rwd,unlisted,coupe,white,tx,29.45,-98.5,2021-04-24T12:21:12-0500,False
167,7301601147,104999,2021,cadillac,excellent,8,gas,480.0,automatic,4wd,unlisted,SUV,unlisted,oh,41.038965,-81.575742,2021-04-04T07:30:23-0400,True
168,7316962175,5600,2015,chevrolet,unlisted,4,gas,114012.0,automatic,fwd,unlisted,unlisted,red,ia,41.6043,-93.5448,2021-05-04T16:40:28-0500,False
169,7308162518,1200,2004,nissan,good,6,gas,180000.0,automatic,fwd,unlisted,unlisted,unlisted,me,44.2557,-70.2494,2021-04-17T08:04:37-0400,True
170,7308750955,36590,2019,gmc,good,8,gas,14222.0,other,4wd,unlisted,pickup,blue,ga,32.8095,-83.6168,2021-04-18T11:30:57-0400,False
171,7305578507,17990,2013,lincoln,good,6,gas,41750.0,automatic,fwd,unlisted,sedan,white,ny,42.21,-73.86,2021-04-12T09:51:47-0400,False
172,7315013511,0,2013,ford,good,8,gas,0.0,other,unlisted,mid-size,van,white,nc,33.711509,-78.909582,2021-04-30T16:46:49-0400,False
173,7306516392,9838,2012,ford,excellent,6,gas,126821.0,automatic,unlisted,unlisted,wagon,unlisted,mi,42.568136,-83.813674,2021-04-13T23:01:07-0400,False
174,7307514930,11588,2017,hyundai,good,4,gas,98933.0,automatic,fwd,unlisted,sedan,white,ca,38.610767,-121.422557,2021-04-15T18:00:53-0700,False
175,7311986401,21849,2016,bmw,unlisted,4,gas,38976.0,automatic,unlisted,unlisted,SUV,white,ia,41.207382,-96.023096,2021-04-24T13:30:45-0500,False
176,7315191021,43900,2009,chevrolet,unlisted,8,diesel,117000.0,automatic,4wd,unlisted,pickup,white,ca,38.653713,-121.46615,2021-04-30T23:08:49-0700,True
177,7314457486,8995,2012,hyundai,unlisted,4,gas,113060.0,automatic,4wd,unlisted,unlisted,blue,ma,42.5326,-70.9612,2021-04-29T15:05:38-0400,False
178,7315066125,19995,2015,dodge,unlisted,6,gas,58459.0,automatic,rwd,unlisted,sedan,black,wi,43.11357,-89.659963,2021-04-30T17:29:23-0500,False
179,7314598144,2999,2005,ford,excellent,6,gas,126000.0,automatic,unlisted,unlisted,sedan,unlisted,ca,33.745144,-116.351803,2021-04-29T16:43:02-0700,False
180,7315854467,10000,2010,mini,unlisted,4,gas,102243.0,manual,fwd,unlisted,coupe,red,ca,38.677824,-121.777154,2021-05-02T11:33:42-0700,False
181,7311327794,39590,2020,ford,good,8,gas,1988.0,other,rwd,unlisted,coupe,black,tn,35.97,-83.94,2021-04-23T10:30:57-0400,False
182,7314769939,18500,2006,ford,excellent,8,diesel,222000.0,automatic,4wd,full-size,truck,red,sc,34.7648,-83.064,2021-04-30T09:53:23-0400,False
183,7316858942,25997,2019,nissan,unlisted,6,gas,28859.0,automatic,4wd,full-size,SUV,black,id,47.664705,-117.310362,2021-05-04T11:39:59-0700,False
184,7313500382,10000,2011,dodge,good,6,gas,122000.0,automatic,rwd,unlisted,sedan,orange,or,43.857065,-121.483212,2021-04-27T12:52:09-0700,False
185,7310347054,18777,2014,gmc,unlisted,8,gas,150945.0,automatic,4wd,unlisted,SUV,unlisted,ne,41.438366,-97.316899,2021-04-21T10:34:30-0500,False
186,7306315222,7250,2006,volvo,excellent,4,gas,153800.0,automatic,fwd,mid-size,sedan,blue,ny,44.460593,-75.708675,2021-04-13T15:21:38-0400,False
187,7307205936,12999,2013,honda,excellent,4,gas,122000.0,automatic,fwd,mid-size,sedan,unlisted,oh,40.081,-82.9383,2021-04-15T11:40:37-0400,False
188,7314704579,3450,2001,unlisted,excellent,6,gas,122545.0,manual,rwd,unlisted,sedan,unlisted,ny,41.3917,-73.4532,2021-04-30T04:36:32-0400,False
189,7313437116,21988,2010,jeep,like new,6,gas,100000.0,automatic,4wd,full-size,SUV,grey,ok,35.2204,-97.4577,2021-04-27T13:08:16-0500,True
190,7302543978,0,2014,subaru,excellent,4,gas,85345.0,automatic,4wd,unlisted,wagon,silver,oh,39.28685,-84.46832,2021-04-06T09:38:15-0400,False
191,7315928375,9700,2014,hyundai,unlisted,4,gas,102364.0,automatic,fwd,unlisted,sedan,grey,va,37.622868,-77.528214,2021-05-02T17:00:54-0400,False
192,7310163778,25997,2010,toyota,unlisted,6,gas,143616.0,automatic,4wd,unlisted,SUV,green,pa,45.5472,-122.5001,2021-04-20T22:14:39-0400,True
193,7304116706,10233,2012,ford,excellent,4,hybrid,104644.0,automatic,fwd,unlisted,sedan,grey,ar,35.172002,-89.943849,2021-04-09T09:00:11-0500,False
194,7314697151,30,2000,bmw,like new,8,gas,159000.0,manual,rwd,unlisted,unlisted,blue,nj,40.8094,-74.1245,2021-04-30T02:47:12-0400,False
195,7312363171,17900,2013,jeep,good,6,gas,164000.0,automatic,4wd,unlisted,unlisted,white,mi,42.851055,-83.45119,2021-04-25T12:19:24-0400,True
196,7316629314,4200,2003,ford,good,6,gas,171463.0,automatic,4wd,full-size,SUV,brown,mo,38.0819,-92.6899,2021-05-04T05:54:29-0500,True
197,7310814671,16000,2004,ford,excellent,8,diesel,203000.0,automatic,4wd,unlisted,truck,grey,tx,29.4599,-98.7479,2021-04-22T09:22:41-0500,False
198,7313877443,8500,2007,lexus,excellent,6,gas,118000.0,automatic,fwd,unlisted,sedan,silver,ny,43.2291,-77.3088,2021-04-28T12:31:23-0400,True
199,7311871980,29590,2017,ford,good,6,gas,70760.0,other,4wd,unlisted,SUV,blue,sc,34.0,-81.03,2021-04-24T11:31:09-0400,False
200,7310094611,13995,2012,gmc,unlisted,8,other,196073.0,automatic,unlisted,unlisted,SUV,black,il,38.5943,-90.2309,2021-04-20T18:06:49-0500,False
201,7309189819,35000,2014,mercedes-benz,like new,6,diesel,87500.0,automatic,rwd,full-size,van,custom,me,43.6032,-70.3015,2021-04-19T09:46:58-0400,False
202,7311414020,27990,2011,ford,good,6,diesel,123622.0,automatic,rwd,full-size,truck,white,la,40.468785,-74.281707,2021-04-23T11:48:22-0500,False
203,7316535877,0,2017,toyota,excellent,6,gas,103000.0,automatic,4wd,unlisted,unlisted,orange,tx,29.542517,-98.372526,2021-05-03T19:51:01-0500,False
204,7309284012,39900,2015,chevrolet,good,8,gas,30063.0,automatic,4wd,full-size,truck,black,ia,42.1898,-91.7758,2021-04-19T11:08:54-0500,False
205,7315382722,20000,2000,jeep,excellent,6,gas,95724.0,automatic,4wd,mid-size,SUV,green,tx,32.263095,-95.306642,2021-05-01T12:27:15-0500,True
206,7314589329,0,2020,ram,unlisted,6,diesel,58170.0,automatic,4wd,unlisted,pickup,white,ca,36.775737,-119.806291,2021-04-29T16:22:28-0700,True
207,7308309645,40990,2018,toyota,good,8,gas,25331.0,other,unlisted,unlisted,pickup,unlisted,tn,36.53,-82.32,2021-04-17T12:50:57-0400,False
208,7308140189,3500,1992,chevrolet,unlisted,12,gas,11.0,automatic,unlisted,unlisted,unlisted,unlisted,tx,31.8383,-106.5364,2021-04-17T04:07:23-0600,False
209,7309557959,53999,2015,ford,unlisted,8,diesel,125074.0,automatic,4wd,unlisted,truck,unlisted,mt,47.81247,-122.32164,2021-04-19T17:18:08-0600,False
210,7303149457,26500,1962,unlisted,excellent,8,gas,70000.0,automatic,rwd,full-size,pickup,red,mi,43.6376,-84.268,2021-04-07T11:59:37-0400,False
211,7310168871,10300,2015,kia,good,4,gas,95000.0,automatic,fwd,unlisted,unlisted,black,ks,39.011544,-95.84947,2021-04-20T21:32:37-0500,False
212,7302009623,42590,2020,buick,good,6,gas,1134.0,other,unlisted,unlisted,SUV,black,oh,40.76,-82.52,2021-04-05T09:41:11-0400,False
213,7312799082,38990,2013,chevrolet,good,8,gas,51525.0,other,rwd,unlisted,other,red,co,40.55,-105.06,2021-04-26T09:01:23-0600,False
214,7316600727,41500,2018,toyota,like new,8,gas,18350.0,automatic,4wd,unlisted,pickup,red,or,44.098559,-123.148499,2021-05-03T22:09:28-0700,False
215,7310769864,29995,2016,chevrolet,like new,8,gas,38213.0,automatic,4wd,full-size,pickup,black,wi,44.867,-91.6752,2021-04-22T07:41:39-0500,False
216,7307309326,5900,2009,toyota,excellent,4,gas,143553.0,automatic,fwd,unlisted,sedan,blue,oh,40.796036,-81.43153,2021-04-15T14:17:25-0400,True
217,7304576584,13991,2016,honda,unlisted,4,gas,54005.0,automatic,fwd,mid-size,hatchback,white,tn,35.860496,-84.100535,2021-04-10T06:32:24-0400,False
218,7315839923,5500,2007,mercedes-benz,excellent,6,gas,148000.0,automatic,unlisted,unlisted,sedan,unlisted,ca,33.743904,-116.359028,2021-05-02T11:06:50-0700,False
219,7309610206,3000,2004,chevrolet,good,6,gas,177030.0,automatic,unlisted,unlisted,sedan,white,tn,36.600582,-82.173135,2021-04-19T21:21:13-0400,False
220,7316098537,15952,2007,toyota,unlisted,6,gas,178365.0,automatic,4wd,mid-size,SUV,custom,az,33.272273,-111.833863,2021-05-03T02:12:51-0700,False
221,7314968563,12100,2009,mercedes-benz,excellent,6,gas,86700.0,automatic,rwd,compact,convertible,white,ca,34.2351,-119.182,2021-04-30T12:27:18-0700,False
222,7313898714,2900,2007,pontiac,good,4,gas,213000.0,manual,fwd,unlisted,unlisted,silver,oh,42.8409,-83.4288,2021-04-28T13:04:07-0400,True
223,7316781859,29990,2016,chevrolet,good,6,gas,17302.0,other,4wd,unlisted,pickup,red,in,39.47,-87.38,2021-05-04T12:41:15-0400,False
224,7316392534,39590,2019,chevrolet,good,8,gas,23488.0,other,4wd,unlisted,pickup,black,tn,35.63,-88.82,2021-05-03T15:01:16-0500,False
225,7306488659,35750,2016,chevrolet,unlisted,8,gas,55721.0,automatic,rwd,sub-compact,coupe,yellow,mi,25.827103,-80.24152,2021-04-13T21:21:49-0400,False
226,7302084612,2150,1998,ford,excellent,6,gas,170000.0,automatic,fwd,unlisted,mini-van,unlisted,tx,31.077697,-97.688918,2021-04-05T10:45:14-0500,False
227,7307222316,17855,2017,nissan,like new,4,gas,50000.0,automatic,fwd,unlisted,unlisted,red,ms,30.3728,-89.3779,2021-04-15T11:05:37-0500,False
228,7310340484,47998,2017,chevrolet,unlisted,8,gas,73154.0,automatic,4wd,unlisted,SUV,unlisted,mt,47.7989,-116.7423,2021-04-21T09:24:13-0600,False
229,7303135938,44950,2020,kia,unlisted,6,gas,4489.0,automatic,unlisted,unlisted,sedan,red,in,42.449121,-85.667335,2021-04-07T11:38:49-0400,False
230,7312815367,14950,2004,ford,unlisted,8,diesel,205639.0,automatic,4wd,unlisted,pickup,white,id,43.580194,-116.565024,2021-04-26T09:27:08-0600,False
231,7316297273,13995,2010,toyota,unlisted,6,gas,129000.0,automatic,4wd,unlisted,SUV,silver,ia,42.740738,-93.202465,2021-05-03T12:30:14-0500,True
232,7315265023,5495,2010,honda,new,4,gas,157000.0,automatic,fwd,sub-compact,sedan,grey,ri,41.733605,-71.547921,2021-05-01T09:59:48-0400,True
233,7309460694,49659,2019,cadillac,good,6,gas,4000.0,automatic,unlisted,unlisted,other,blue,az,35.189958,-111.666438,2021-04-19T13:20:41-0700,False
234,7316147856,20690,2016,volvo,unlisted,4,gas,69488.0,automatic,4wd,compact,SUV,custom,fl,28.792413,-81.231302,2021-05-03T09:25:28-0400,False
235,7301720922,1800,2003,mitsubishi,fair,6,gas,180000.0,automatic,fwd,unlisted,coupe,silver,wv,39.4567,-77.9727,2021-04-04T13:42:42-0400,False
236,7315326285,24990,2018,bmw,unlisted,4,gas,17969.0,automatic,rwd,compact,sedan,white,nv,36.061719,-115.05806,2021-05-01T08:54:21-0700,False
237,7314248879,3800,2002,toyota,excellent,4,gas,178550.0,automatic,fwd,full-size,sedan,silver,fl,28.2397,-82.3279,2021-04-29T08:34:30-0400,False
238,7315203625,2499,2007,audi,like new,6,gas,215794.0,automatic,4wd,unlisted,sedan,unlisted,wi,43.1188,-87.9478,2021-05-01T03:57:04-0500,True
239,7313000400,14000,1993,toyota,unlisted,6,gas,269000.0,automatic,4wd,unlisted,SUV,green,ca,32.7893,-115.5665,2021-04-26T13:10:33-0700,False
240,7314052817,249,2014,lincoln,like new,4,hybrid,56159.0,automatic,fwd,unlisted,sedan,red,ny,40.770613,-73.083651,2021-04-28T17:28:31-0400,True
241,7314823183,39590,2020,ford,good,8,gas,1419.0,other,rwd,unlisted,coupe,white,sc,34.18,-79.78,2021-04-30T11:31:02-0400,False
242,7312403795,11795,2014,ford,unlisted,4,gas,81537.0,automatic,fwd,unlisted,sedan,grey,id,45.876983,-119.293925,2021-04-25T11:32:40-0600,False
243,7315605221,10800,2010,acura,excellent,6,gas,130000.0,automatic,4wd,mid-size,SUV,white,fl,28.5826,-81.1907,2021-05-01T21:22:59-0400,False
244,7312460747,0,2003,chevrolet,unlisted,8,diesel,231256.0,automatic,4wd,unlisted,truck,unlisted,or,45.385979,-122.608301,2021-04-25T12:11:15-0700,False
245,7311022651,3875,2014,ford,unlisted,4,gas,110614.0,automatic,fwd,compact,sedan,red,wi,44.408989,-89.881382,2021-04-22T15:03:24-0500,True
246,7314538731,20999,2014,bmw,unlisted,6,gas,63000.0,automatic,rwd,unlisted,SUV,white,ca,38.614287,-121.270495,2021-04-29T14:33:29-0700,True
247,7317011513,7295,2008,honda,excellent,4,gas,189836.0,automatic,4wd,unlisted,unlisted,unlisted,mn,44.863328,-93.35757,2021-05-04T18:25:36-0500,False
248,7307880212,22995,2007,chevrolet,good,8,gas,84300.0,automatic,rwd,mid-size,convertible,black,pa,40.14355,-76.597071,2021-04-16T15:22:11-0400,False
249,7304922200,17999,2013,mercedes-benz,unlisted,6,gas,105000.0,automatic,unlisted,unlisted,sedan,blue,ak,61.1194,-149.8974,2021-04-10T14:03:29-0800,True
250,7310885477,33590,2013,lexus,good,8,gas,33570.0,other,rwd,unlisted,sedan,unlisted,mi,42.27,-83.73,2021-04-22T12:20:59-0400,False
251,7306759165,8700,2013,honda,good,4,hybrid,151200.0,automatic,unlisted,full-size,sedan,red,sc,34.1231,-79.6893,2021-04-14T13:26:52-0400,False
252,7316881391,9500,2007,gmc,excellent,8,gas,135579.0,automatic,4wd,full-size,unlisted,grey,nj,40.043135,-74.221945,2021-05-04T15:17:02-0400,False
253,7315546977,1700,2006,hyundai,excellent,6,gas,155000.0,automatic,unlisted,unlisted,unlisted,unlisted,ny,43.1484,-77.6394,2021-05-01T18:36:44-0400,False
254,7311366409,6200,2012,ford,excellent,4,gas,70978.0,automatic,fwd,compact,sedan,blue,nc,35.6884,-81.3612,2021-04-23T11:35:19-0400,False
255,7305577295,7995,2010,ford,excellent,6,gas,84933.0,automatic,4wd,unlisted,wagon,grey,ny,43.223552,-77.372473,2021-04-12T09:49:33-0400,False
256,7302273429,53462,2020,gmc,good,8,gas,43388.0,other,unlisted,unlisted,other,white,id,42.885063,-112.452574,2021-04-05T14:30:52-0600,False
257,7314149871,79995,1969,ford,excellent,8,gas,58000.0,manual,rwd,full-size,other,blue,ca,33.8766,-117.9551,2021-04-28T18:21:36-0700,False
258,7309970305,9995,2014,toyota,excellent,4,gas,123131.0,automatic,fwd,compact,sedan,black,va,37.237719,-77.377739,2021-04-20T15:11:39-0400,False
259,7315537936,4950,2004,volkswagen,unlisted,4,gas,139159.0,automatic,unlisted,unlisted,coupe,grey,ca,39.022483,-121.612859,2021-05-01T15:14:44-0700,False
260,7316135944,3995,2002,unlisted,good,6,gas,155812.0,automatic,4wd,compact,SUV,silver,co,39.532313,-104.768972,2021-05-03T06:56:37-0600,False
261,7306730874,6450,2009,nissan,excellent,6,gas,168066.0,automatic,4wd,unlisted,SUV,black,oh,40.002779,-83.133361,2021-04-14T12:45:18-0400,True
262,7314107665,8500,2012,ford,good,6,gas,173000.0,automatic,rwd,unlisted,unlisted,unlisted,co,38.436857,-104.617504,2021-04-28T17:28:51-0600,True
263,7302229347,6995,2012,kia,good,4,gas,151000.0,automatic,fwd,unlisted,unlisted,unlisted,va,36.765,-76.227779,2021-04-05T15:19:05-0400,True
264,7309163197,8495,2010,honda,good,4,gas,109474.0,automatic,fwd,unlisted,sedan,white,mo,37.0465,-94.5103,2021-04-19T07:53:15-0500,False
265,7306433327,0,2003,ford,excellent,6,gas,185000.0,manual,4wd,unlisted,unlisted,red,wy,40.114685,-104.971971,2021-04-13T17:00:42-0600,True
266,7314400926,5495,2007,kia,good,4,gas,68139.0,automatic,fwd,mid-size,wagon,silver,pa,40.379348,-79.993944,2021-04-29T13:29:01-0400,False
267,7316214359,18500,2008,bmw,excellent,8,gas,122615.0,automatic,rwd,unlisted,coupe,black,ca,38.678103,-121.200459,2021-05-03T08:25:04-0700,False
268,7312750933,10000,1997,chevrolet,like new,8,gas,200000.0,automatic,rwd,full-size,truck,red,tn,34.9535,-85.2968,2021-04-26T09:36:06-0400,True
269,7309157905,13800,2013,ford,good,8,gas,148500.0,automatic,fwd,full-size,pickup,white,pa,40.1547,-74.9904,2021-04-19T08:37:19-0400,False
270,7310862395,30800,2007,chevrolet,like new,8,gas,19428.0,manual,rwd,compact,coupe,yellow,fl,29.0266,-81.3349,2021-04-22T11:45:10-0400,True
271,7302728406,13499,2015,chrysler,excellent,4,gas,54883.0,automatic,unlisted,unlisted,sedan,unlisted,nc,35.920809,-78.545799,2021-04-06T14:32:02-0400,False
272,7316742710,24997,2016,ford,unlisted,6,gas,143107.0,automatic,4wd,unlisted,pickup,white,ia,41.207382,-96.023096,2021-05-04T10:40:24-0500,True
273,7307167198,3650,1999,pontiac,like new,4,gas,111000.0,automatic,fwd,mid-size,sedan,silver,or,42.3989,-123.3538,2021-04-15T07:36:22-0700,False
274,7305095946,12995,2011,ford,unlisted,8,other,225646.0,automatic,4wd,unlisted,pickup,unlisted,ne,40.7378,-96.8445,2021-04-11T08:01:28-0500,True
275,7314805920,21990,2017,toyota,unlisted,4,unlisted,13471.0,automatic,fwd,unlisted,SUV,custom,hi,21.382737,-158.00528,2021-04-30T05:00:59-1000,False
276,7305830745,15900,2009,jeep,excellent,6,gas,133000.0,automatic,4wd,unlisted,unlisted,unlisted,md,37.176772,-95.588103,2021-04-12T16:17:32-0400,False
277,7308045143,18900,2013,ford,excellent,6,gas,48100.0,automatic,fwd,unlisted,SUV,black,nj,36.944935,-95.900725,2021-04-16T20:45:28-0400,False
278,7314241555,14995,2008,ford,excellent,8,gas,64685.0,automatic,rwd,full-size,van,white,fl,27.8802,-82.7534,2021-04-29T08:06:18-0400,True
279,7313658350,10995,2013,chevrolet,excellent,4,gas,53162.0,automatic,unlisted,unlisted,hatchback,unlisted,ca,38.614952,-121.271667,2021-04-27T18:41:51-0700,False
280,7314229296,5200,1999,mercedes-benz,excellent,6,diesel,196314.0,automatic,rwd,mid-size,sedan,green,nc,35.944075,-78.838062,2021-04-29T06:55:50-0400,False
281,7316369350,0,2017,ram,excellent,6,diesel,97506.0,automatic,4wd,full-size,truck,white,ok,36.74504,-95.93251,2021-05-03T14:22:19-0500,False
282,7310581508,26450,2018,cadillac,unlisted,6,gas,44490.0,automatic,fwd,unlisted,SUV,white,ut,37.175631,-113.60824,2021-04-21T16:02:51-0600,True
283,7313857654,39590,2018,audi,good,6,gas,48640.0,other,unlisted,unlisted,other,black,ny,43.16,-77.61,2021-04-28T12:01:03-0400,False
284,7310759331,9345,2016,chevrolet,excellent,4,gas,123864.0,automatic,fwd,mid-size,SUV,silver,az,32.250378,-110.965517,2021-04-22T05:02:57-0700,False
285,7302177537,3900,1986,toyota,fair,6,gas,208026.0,automatic,unlisted,compact,hatchback,unlisted,ca,36.4787,-121.7244,2021-04-05T11:01:30-0700,False
286,7304667648,19991,2014,honda,unlisted,6,gas,40462.0,automatic,fwd,mid-size,sedan,red,tn,35.025913,-89.788637,2021-04-10T10:01:30-0500,False
287,7315346506,1200,2004,honda,fair,4,gas,214000.0,manual,fwd,compact,sedan,silver,wv,39.382322,-77.95035,2021-05-01T12:28:19-0400,False
288,7303698106,0,2013,chevrolet,unlisted,8,gas,65456.0,automatic,4wd,unlisted,SUV,unlisted,va,36.91802,-76.20042,2021-04-08T12:35:54-0400,True
289,7314218990,14899,2016,hyundai,unlisted,4,gas,35421.0,automatic,fwd,mid-size,SUV,grey,il,41.988977,-87.871739,2021-04-29T03:49:51-0500,False
290,7314315494,3400,2010,chevrolet,good,4,gas,158000.0,automatic,fwd,mid-size,sedan,silver,pa,41.408,-75.6484,2021-04-29T11:06:21-0400,False
291,7316298476,27990,2012,gmc,good,8,gas,68696.0,other,4wd,unlisted,pickup,black,mi,42.27,-85.58,2021-05-03T13:31:48-0400,False
292,7316356122,27990,2012,gmc,good,8,gas,68696.0,other,4wd,unlisted,pickup,black,mo,39.76,-94.85,2021-05-03T14:01:35-0500,False
293,7307507498,5499,2000,volkswagen,good,4,gas,65030.0,automatic,fwd,unlisted,hatchback,grey,ca,34.95729,-120.436109,2021-04-15T17:40:32-0700,False
294,7313892885,25950,2017,ford,excellent,8,gas,191278.0,automatic,4wd,full-size,truck,white,nc,35.129924,-80.97951,2021-04-28T12:55:23-0400,False
295,7303441512,8000,2002,ford,excellent,8,gas,230000.0,automatic,4wd,full-size,truck,black,co,40.5384,-105.0547,2021-04-07T18:40:37-0600,False
296,7314845687,4000,2005,chrysler,unlisted,6,gas,144141.0,automatic,rwd,unlisted,sedan,blue,ny,40.18157,-74.663384,2021-04-30T12:07:33-0400,False
297,7310803584,9252,2015,chrysler,excellent,4,diesel,127000.0,automatic,unlisted,unlisted,sedan,unlisted,mi,42.568136,-83.813674,2021-04-22T10:01:30-0400,False
298,7306602768,49990,2017,bmw,good,8,gas,28752.0,automatic,unlisted,unlisted,coupe,blue,mi,42.96,-85.65,2021-04-14T09:01:15-0400,False
299,7311340014,369,2019,nissan,unlisted,4,gas,8478.0,automatic,4wd,unlisted,SUV,unlisted,or,44.971442,-123.018337,2021-04-23T07:52:30-0700,False
300,7316839574,7500,2006,mazda,excellent,4,gas,100700.0,manual,rwd,compact,convertible,blue,ga,34.0268,-84.2422,2021-05-04T14:09:23-0400,False
301,7302984787,12975,2001,ford,good,6,diesel,273624.0,automatic,rwd,full-size,truck,white,or,42.340777,-122.901921,2021-04-06T21:52:31-0700,False
302,7306635428,32590,2013,lexus,good,8,gas,60271.0,automatic,unlisted,unlisted,sedan,unlisted,sc,32.78,-79.99,2021-04-14T10:11:06-0400,False
303,7301953034,85500,2010,ferrari,unlisted,8,other,14548.0,automatic,fwd,compact,other,unlisted,ut,45.494265,-122.579192,2021-04-05T03:42:46-0600,True
304,7316206249,31900,2017,gmc,excellent,8,gas,46500.0,automatic,rwd,full-size,pickup,grey,ms,32.3369,-90.8675,2021-05-03T10:11:57-0500,False
305,7304249083,0,2019,chevrolet,excellent,4,gas,19640.0,automatic,fwd,full-size,sedan,silver,oh,39.1301,-84.60104,2021-04-09T13:29:47-0400,False
306,7303466633,4500,2013,nissan,good,4,gas,84000.0,manual,fwd,compact,unlisted,blue,oh,40.9484,-84.2374,2021-04-07T21:53:21-0400,False
307,7316514270,29995,2014,jeep,unlisted,6,gas,87445.0,automatic,4wd,unlisted,SUV,white,or,45.4021,-122.6144,2021-05-03T16:59:15-0700,False
308,7316142729,18350,2015,lexus,excellent,6,gas,81541.0,automatic,unlisted,unlisted,sedan,unlisted,ks,39.006532,-94.857695,2021-05-03T08:13:49-0500,False
309,7314122391,23995,2009,ford,unlisted,8,diesel,182184.0,automatic,4wd,unlisted,pickup,blue,tx,30.1237,-95.2686,2021-04-28T19:05:26-0500,True
310,7306937784,22990,2012,ford,good,8,gas,114733.0,automatic,4wd,unlisted,unlisted,white,va,40.468785,-74.281707,2021-04-14T18:31:33-0400,False
311,7316331518,2800,2002,toyota,good,6,gas,334000.0,automatic,unlisted,unlisted,mini-van,blue,nc,36.1242,-80.8137,2021-05-03T14:23:00-0400,False
312,7317014907,3200,2003,unlisted,good,5,gas,136000.0,automatic,fwd,mid-size,sedan,unlisted,mo,38.85142,-94.342676,2021-05-04T18:33:01-0500,False
313,7311933623,28000,2020,chrysler,unlisted,8,gas,4016.0,automatic,rwd,unlisted,sedan,silver,nc,36.063365,-79.823227,2021-04-24T13:08:15-0400,False
314,7309831512,19990,2012,gmc,excellent,8,gas,130740.0,automatic,4wd,full-size,pickup,black,mn,47.901,-97.0446,2021-04-20T10:46:09-0500,True
315,7311851710,20600,2016,ford,unlisted,10,gas,67000.0,automatic,unlisted,unlisted,unlisted,unlisted,nj,40.5515,-74.459,2021-04-24T10:56:56-0400,True
316,7311284587,32750,2021,lincoln,unlisted,4,gas,8817.0,automatic,fwd,unlisted,SUV,grey,mi,42.449121,-85.667335,2021-04-23T09:06:49-0400,False
317,7308050528,33990,2016,ford,good,8,gas,18380.0,other,unlisted,unlisted,pickup,white,pa,40.5,-78.4,2021-04-16T21:00:33-0400,False
318,7313188126,20995,2009,toyota,excellent,6,gas,143661.0,automatic,fwd,mid-size,truck,silver,ca,35.246801,-120.667596,2021-04-26T20:45:55-0700,True
319,7306296919,4500,2008,lincoln,good,6,gas,137000.0,automatic,fwd,mid-size,sedan,grey,ma,41.6347,-70.9372,2021-04-13T14:52:47-0400,False
320,7314364653,24995,2015,ford,excellent,6,gas,119000.0,automatic,4wd,unlisted,unlisted,unlisted,il,39.7064,-91.3839,2021-04-29T11:29:21-0500,False
321,7313515404,7000,2001,chevrolet,new,8,gas,264036.0,automatic,4wd,unlisted,truck,red,sd,44.1709,-98.3962,2021-04-27T15:18:08-0500,False
322,7316685353,15457,2014,hyundai,unlisted,4,gas,31071.0,automatic,fwd,full-size,sedan,grey,nv,36.143249,-115.226909,2021-05-04T07:00:50-0700,False
323,7314380416,0,2016,chevrolet,excellent,8,gas,42004.0,automatic,unlisted,full-size,sedan,white,ga,33.9382,-84.5403,2021-04-29T12:55:35-0400,True
324,7314672261,9500,1982,unlisted,excellent,8,gas,68500.0,automatic,unlisted,unlisted,coupe,green,il,41.208364,-89.45137,2021-04-29T22:45:17-0500,False
325,7315144022,10999,2008,unlisted,excellent,6,gas,120511.0,automatic,unlisted,unlisted,sedan,white,ca,37.7005,-121.0252,2021-04-30T18:57:39-0700,True
326,7312248368,2250,1984,chrysler,good,4,gas,103200.0,automatic,fwd,compact,convertible,black,va,36.705017,-76.222709,2021-04-25T06:10:20-0400,False
327,7314470332,1850,2004,mazda,fair,4,gas,181150.0,automatic,fwd,mid-size,hatchback,blue,nj,40.9031,-74.0955,2021-04-29T15:27:56-0400,False
328,7316138470,26990,2018,unlisted,good,6,other,27766.0,other,unlisted,unlisted,sedan,silver,or,33.779214,-84.411811,2021-05-03T06:02:53-0700,False
329,7313642736,7000,2005,jeep,good,6,gas,211000.0,automatic,4wd,unlisted,offroad,blue,tx,26.2159,-98.3253,2021-04-27T19:55:27-0500,False
330,7306478492,17500,2013,rover,excellent,4,gas,91000.0,automatic,4wd,full-size,SUV,white,fl,28.366345,-80.695267,2021-04-13T20:51:29-0400,False
331,7314888965,35995,2019,nissan,like new,6,gas,15910.0,automatic,4wd,unlisted,unlisted,unlisted,wa,46.9996,-120.5163,2021-04-30T10:16:55-0700,True
332,7310895002,31499,2019,mini,unlisted,4,gas,8387.0,other,4wd,unlisted,sedan,blue,ak,61.21722,-149.86996,2021-04-22T08:35:13-0800,False
333,7315576758,17999,2016,subaru,good,4,gas,80000.0,manual,4wd,mid-size,sedan,grey,ny,40.706,-74.008,2021-05-01T19:54:22-0400,True
334,7315012120,19900,2015,dodge,unlisted,6,gas,94599.0,automatic,fwd,unlisted,van,unlisted,ca,33.681077,-112.05849,2021-04-30T13:44:19-0700,False
335,7307209432,46800,2015,gmc,unlisted,8,diesel,66400.0,automatic,4wd,unlisted,pickup,red,ms,32.332046,-90.857163,2021-04-15T10:46:09-0500,True
336,7309841501,57500,2018,gmc,good,8,gas,60796.0,other,unlisted,unlisted,SUV,unlisted,id,42.885063,-112.452574,2021-04-20T10:00:57-0600,False
337,7315283278,10499,2014,dodge,unlisted,6,gas,115102.0,automatic,fwd,unlisted,van,black,nj,40.803433,-74.464996,2021-05-01T10:36:23-0400,False
338,7302075339,16590,2014,acura,good,6,gas,86919.0,automatic,fwd,unlisted,SUV,black,ga,32.08,-81.1,2021-04-05T11:31:08-0400,False
339,7307379501,12595,2015,nissan,like new,4,gas,61131.0,automatic,fwd,unlisted,sedan,unlisted,ny,42.958,-77.3083,2021-04-15T16:12:27-0400,False
340,7315032951,11995,2012,honda,excellent,4,gas,72441.0,automatic,fwd,mid-size,sedan,silver,or,44.066374,-123.138371,2021-04-30T14:22:50-0700,True
341,7306100014,26900,2016,dodge,unlisted,6,gas,51510.0,automatic,fwd,unlisted,unlisted,white,in,33.925578,-84.836041,2021-04-13T09:31:12-0400,True
342,7307437745,19790,2017,toyota,excellent,4,gas,70716.0,automatic,fwd,unlisted,SUV,white,nc,35.730359,-81.360243,2021-04-15T18:00:34-0400,True
343,7308974214,0,2003,chevrolet,unlisted,8,diesel,231256.0,automatic,4wd,unlisted,truck,unlisted,or,45.385979,-122.608301,2021-04-18T15:19:50-0700,False
344,7310415254,41998,2017,ram,unlisted,8,gas,48761.0,automatic,rwd,unlisted,truck,unlisted,mt,47.696062,-116.781406,2021-04-21T11:19:25-0600,False
345,7313504911,24995,2011,ford,excellent,10,gas,104684.0,automatic,rwd,full-size,unlisted,white,ca,33.413999,-111.61968,2021-04-27T13:00:15-0700,False
346,7311581228,7995,2011,honda,excellent,4,gas,157400.0,automatic,fwd,mid-size,unlisted,silver,tx,35.1663,-101.8868,2021-04-23T16:18:49-0500,True
347,7313159942,14995,2013,ford,excellent,4,gas,64082.0,automatic,4wd,full-size,SUV,white,ca,39.494492,-119.78862,2021-04-26T18:56:52-0700,False
348,7310297321,13997,2011,ford,unlisted,8,unlisted,184624.0,manual,rwd,unlisted,van,white,fl,27.479823,-82.571497,2021-04-21T10:11:21-0400,True
349,7310756714,31882,2019,nissan,unlisted,8,gas,43159.0,automatic,rwd,full-size,pickup,white,fl,30.217667,-81.752685,2021-04-22T07:51:56-0400,False
350,7316597010,21598,2020,chevrolet,like new,4,gas,33423.0,automatic,4wd,compact,SUV,black,az,34.586025,-112.318347,2021-05-03T21:44:16-0700,True
351,7316721214,8995,2010,ford,unlisted,6,gas,151384.0,automatic,4wd,unlisted,SUV,blue,co,40.152227,-105.102521,2021-05-04T09:03:58-0600,False
352,7310692648,67995,2017,ford,unlisted,8,other,68700.0,automatic,4wd,unlisted,pickup,black,nm,33.3917,-111.9249,2021-04-21T21:04:46-0600,True
353,7316278662,17999,2007,chevrolet,good,8,gas,127633.0,automatic,4wd,full-size,pickup,unlisted,mt,46.604253,-112.025407,2021-05-03T11:02:17-0600,False
354,7314698805,17995,1965,mercury,excellent,8,gas,65000.0,automatic,unlisted,unlisted,unlisted,unlisted,ca,35.7368,-115.5405,2021-04-30T00:07:53-0700,False
355,7315025050,0,2018,unlisted,excellent,4,gas,42000.0,automatic,unlisted,mid-size,coupe,unlisted,tx,30.192736,-97.766991,2021-04-30T16:07:47-0500,True
356,7311754900,7999,2008,honda,excellent,4,gas,65000.0,automatic,4wd,unlisted,SUV,blue,mn,44.0496,-92.4896,2021-04-24T02:50:01-0500,False
357,7312929686,4995,2006,buick,unlisted,6,gas,138000.0,automatic,4wd,unlisted,unlisted,unlisted,ia,43.3291,-96.7628,2021-04-26T13:16:59-0500,True
358,7308256451,13900,2016,hyundai,excellent,4,gas,86088.0,automatic,fwd,unlisted,coupe,black,la,32.532619,-93.719604,2021-04-17T10:32:45-0500,False
359,7314484857,35000,2015,gmc,excellent,8,gas,82000.0,automatic,4wd,full-size,truck,silver,tx,29.4694,-95.3503,2021-04-29T14:54:07-0500,False
360,7306865111,21599,2015,chevrolet,unlisted,6,gas,60883.0,manual,rwd,unlisted,coupe,grey,ca,40.57109,-122.360944,2021-04-14T13:17:12-0700,True
361,7313916678,25995,2014,jeep,unlisted,6,gas,96554.0,automatic,4wd,unlisted,SUV,grey,or,45.876983,-119.293925,2021-04-28T10:32:02-0700,False
362,7315410759,25990,2013,mercedes-benz,good,8,gas,42045.0,automatic,rwd,unlisted,coupe,white,md,38.33,-75.08,2021-05-01T14:12:56-0400,False
363,7306146573,9495,2011,kia,like new,6,gas,115000.0,automatic,4wd,full-size,SUV,grey,ny,43.1895,-77.8043,2021-04-13T10:59:08-0400,False
364,7311055872,25999,2016,jeep,unlisted,6,gas,89329.0,automatic,unlisted,unlisted,SUV,red,tn,36.5853,-87.4186,2021-04-22T16:02:48-0500,True
365,7311451796,27990,2011,ford,good,6,diesel,123622.0,automatic,rwd,full-size,truck,white,pa,40.468785,-74.281707,2021-04-23T13:45:19-0400,False
366,7303638447,16995,2017,chevrolet,unlisted,6,gas,127749.0,automatic,unlisted,unlisted,SUV,white,mo,37.2593,-93.2912,2021-04-08T10:05:57-0500,True
367,7315941779,16998,2012,toyota,unlisted,6,gas,149379.0,automatic,rwd,unlisted,truck,grey,il,38.36935,-90.158374,2021-05-02T16:30:49-0500,False
368,7311700838,23900,2017,ford,excellent,6,gas,108482.0,automatic,rwd,full-size,van,white,al,36.4641,-86.65828,2021-04-23T21:10:15-0500,False
369,7313573699,21995,2015,ford,good,6,other,76751.0,automatic,rwd,unlisted,van,white,ny,43.220454,-77.819038,2021-04-27T18:10:17-0400,False
370,7316359134,8900,2014,chevrolet,excellent,4,gas,89644.0,automatic,unlisted,unlisted,sedan,unlisted,ca,33.873436,-117.542806,2021-05-03T12:06:04-0700,False
371,7306164585,21990,2007,ram,excellent,6,diesel,161391.0,automatic,rwd,unlisted,pickup,unlisted,ga,27.2866,-82.477,2021-04-13T11:28:45-0400,True
372,7309821163,35000,2017,ram,excellent,8,gas,117703.0,automatic,rwd,full-size,pickup,unlisted,ca,36.911034,-120.187468,2021-04-20T08:30:48-0700,False
373,7307169322,7995,2015,chevrolet,unlisted,6,gas,103862.0,other,4wd,unlisted,SUV,grey,oh,40.810152,-80.425219,2021-04-15T10:40:09-0400,False
374,7313493586,9000,2008,bmw,excellent,6,gas,76000.0,automatic,rwd,unlisted,coupe,grey,ia,42.024992,-93.720503,2021-04-27T14:40:35-0500,False
375,7312293890,22990,2014,ford,good,6,other,59627.0,other,4wd,unlisted,pickup,black,nm,35.11,-106.62,2021-04-25T07:53:31-0600,False
376,7315293968,14995,2013,mazda,excellent,4,gas,80000.0,automatic,4wd,mid-size,SUV,red,id,43.619145,-116.260006,2021-05-01T08:56:54-0600,True
377,7307161875,38998,2018,audi,unlisted,6,gas,62850.0,automatic,4wd,unlisted,SUV,unlisted,mt,47.7989,-116.7423,2021-04-15T08:26:38-0600,False
378,7311829213,1800,2008,chevrolet,fair,4,gas,160267.0,automatic,fwd,compact,sedan,red,ct,41.2701,-72.9638,2021-04-24T10:14:07-0400,False
379,7311770045,39990,2020,toyota,good,8,gas,6932.0,other,unlisted,unlisted,pickup,white,ca,33.779214,-84.411811,2021-04-24T04:00:36-0700,False
380,7316358832,36739,2018,toyota,excellent,8,gas,75665.0,automatic,rwd,full-size,truck,grey,az,33.404783,-111.839973,2021-05-03T12:05:38-0700,False
381,7307067764,30900,2015,chevrolet,good,8,gas,114800.0,automatic,4wd,full-size,truck,custom,ms,31.316064,-89.437114,2021-04-15T01:45:49-0500,False
382,7315696118,32990,2018,toyota,good,6,gas,17286.0,other,unlisted,unlisted,other,blue,tx,30.26,-97.74,2021-05-02T07:41:32-0500,False
383,7316328900,3999,2005,volvo,excellent,5,gas,157200.0,automatic,fwd,compact,wagon,grey,or,45.483,-122.612,2021-05-03T11:18:49-0700,False
384,7315593054,7800,2010,honda,excellent,4,gas,129000.0,automatic,fwd,mid-size,sedan,black,me,43.6602,-70.2898,2021-05-01T20:42:06-0400,False
385,7315274417,19995,2011,chevrolet,excellent,8,gas,112000.0,automatic,4wd,full-size,SUV,black,ia,41.3623,-96.1575,2021-05-01T09:18:35-0500,True
386,7307688525,7650,2013,fiat,excellent,4,gas,65009.0,automatic,fwd,unlisted,sedan,yellow,mo,38.05708,-91.401701,2021-04-16T09:35:39-0500,False
387,7316999919,2100,1986,unlisted,fair,8,gas,0.0,automatic,rwd,unlisted,coupe,grey,tn,35.1709,-90.017,2021-05-04T18:00:11-0500,True
388,7316033945,4999,2004,subaru,excellent,4,gas,150000.0,automatic,4wd,mid-size,sedan,brown,ny,43.133157,-78.756256,2021-05-02T21:37:54-0400,False
389,7312483528,5750,1965,ford,fair,6,gas,9999999.0,automatic,rwd,unlisted,coupe,unlisted,ca,41.7206,-122.6376,2021-04-25T12:52:21-0700,False
390,7310839192,16492,2017,chevrolet,excellent,4,gas,16345.0,automatic,fwd,full-size,sedan,red,wi,45.0645,-93.3413,2021-04-22T10:06:14-0500,False
391,7315910246,4900,2009,ford,new,4,gas,109000.0,automatic,fwd,full-size,sedan,blue,ca,37.74,-121.424,2021-05-02T13:22:44-0700,False
392,7305423833,2000,1979,chevrolet,good,4,gas,184000.0,manual,unlisted,compact,unlisted,yellow,ok,36.175,-95.8477,2021-04-11T19:17:32-0500,False
393,7309473244,27995,2016,ford,excellent,6,gas,46700.0,automatic,4wd,full-size,truck,black,ny,43.002421,-77.667238,2021-04-19T16:40:48-0400,False
394,7308078562,0,2013,chrysler,excellent,6,gas,122000.0,automatic,fwd,unlisted,unlisted,silver,co,40.114685,-104.971971,2021-04-16T20:34:54-0600,True
395,7312807129,449,2016,toyota,unlisted,6,gas,74522.0,automatic,4wd,unlisted,SUV,unlisted,or,44.055471,-121.27625,2021-04-26T08:13:56-0700,False
396,7316344746,14500,2000,ford,good,8,diesel,110000.0,automatic,4wd,full-size,truck,white,nc,35.265202,-80.767363,2021-05-03T14:43:26-0400,False
397,7302514295,23990,2014,audi,good,6,gas,84674.0,automatic,unlisted,unlisted,SUV,silver,tn,35.97,-83.94,2021-04-06T08:24:15-0400,False
398,7308762074,36590,2019,gmc,good,8,gas,14222.0,other,4wd,unlisted,pickup,blue,va,37.12,-80.55,2021-04-18T11:51:06-0400,False
399,7316384231,5500,1978,ford,good,8,gas,239000.0,automatic,unlisted,full-size,truck,green,al,33.1248,-86.8622,2021-05-03T14:47:14-0500,False
400,7316669055,12200,2000,toyota,fair,8,gas,295000.0,automatic,4wd,full-size,SUV,black,ks,39.0417,-94.7202,2021-05-04T08:26:34-0500,False
401,7302897021,8999,2013,chevrolet,like new,6,gas,88470.0,automatic,fwd,full-size,sedan,silver,mt,47.49536,-111.297502,2021-04-06T17:44:41-0600,False
402,7313157493,14900,2011,chevrolet,good,8,gas,136867.0,automatic,4wd,unlisted,convertible,red,id,43.5937,-116.536,2021-04-26T19:48:53-0600,False
403,7310771075,9789,2013,hyundai,excellent,4,gas,105765.0,automatic,fwd,unlisted,SUV,red,oh,40.064137,-82.998073,2021-04-22T08:45:26-0400,False
404,7311814093,37590,2011,chevrolet,good,8,gas,42017.0,other,rwd,unlisted,coupe,red,ca,38.73,-120.8,2021-04-24T06:43:19-0700,False
405,7314751441,36990,2019,chevrolet,good,8,gas,14508.0,other,4wd,unlisted,pickup,red,dc,38.89,-77.03,2021-04-30T09:13:23-0400,False
406,7304450563,3500,2001,honda,excellent,4,gas,124737.0,automatic,fwd,mid-size,sedan,black,id,42.869277,-112.448433,2021-04-09T17:22:30-0600,True
407,7316382921,9995,2010,ford,good,8,gas,175303.0,automatic,rwd,full-size,pickup,white,nm,33.623957,-112.010193,2021-05-03T13:45:07-0600,True
408,7315826371,32990,2017,jeep,good,6,gas,30041.0,other,4wd,unlisted,other,silver,ny,41.93,-73.99,2021-05-02T13:41:23-0400,False
409,7311964873,3500,2008,nissan,unlisted,6,gas,179000.0,automatic,unlisted,unlisted,unlisted,unlisted,oh,39.7175,-83.2806,2021-04-24T13:57:23-0400,False
410,7315459108,7199,2008,bmw,good,6,gas,108896.0,automatic,unlisted,unlisted,unlisted,unlisted,ca,32.9756,-117.0402,2021-05-01T12:36:25-0700,False
411,7307151750,13900,2011,audi,good,8,gas,152829.0,automatic,4wd,mid-size,coupe,black,wi,45.09216,-87.64732,2021-04-15T09:08:12-0500,False
412,7314218668,5991,2008,unlisted,unlisted,4,gas,126225.0,automatic,fwd,sub-compact,hatchback,custom,fl,28.610096,-81.298342,2021-04-29T04:44:00-0400,False
413,7309717919,0,2012,nissan,good,4,gas,139000.0,automatic,fwd,full-size,sedan,black,nc,35.5068,-78.3479,2021-04-20T08:04:07-0400,True
414,7310238431,4000,2007,ford,unlisted,6,gas,141214.0,other,fwd,unlisted,SUV,silver,md,39.433086,-76.343119,2021-04-21T07:29:21-0400,False
415,7306853814,9500,2014,ford,excellent,4,gas,219581.0,automatic,fwd,full-size,van,white,tn,36.4641,-86.65828,2021-04-14T15:58:49-0400,False
416,7307740807,33895,2016,dodge,unlisted,8,gas,53887.0,manual,rwd,mid-size,coupe,red,tx,35.203066,-101.895003,2021-04-16T10:56:25-0500,False
417,7313669702,13500,2009,unlisted,excellent,4,gas,143146.0,automatic,unlisted,unlisted,pickup,grey,ca,37.7005,-121.0252,2021-04-27T19:18:36-0700,True
418,7315844267,19900,2008,ford,good,8,diesel,169724.0,automatic,4wd,full-size,truck,green,wi,43.029559,-89.397796,2021-05-02T13:14:43-0500,False
419,7315439594,27999,2014,ford,unlisted,8,other,126049.0,automatic,4wd,unlisted,pickup,white,tn,36.5853,-87.4186,2021-05-01T14:02:18-0500,True
420,7312504360,15995,2012,lexus,unlisted,6,gas,88175.0,automatic,4wd,unlisted,sedan,red,md,39.313577,-76.463968,2021-04-25T16:31:48-0400,True
421,7316313630,3999,2005,toyota,good,4,gas,230000.0,automatic,unlisted,mid-size,hatchback,silver,tx,30.379317,-97.689571,2021-05-03T12:55:24-0500,False
422,7313557590,122420,2017,audi,unlisted,10,other,16613.0,automatic,fwd,compact,other,unlisted,ny,44.927304,-123.030322,2021-04-27T17:37:25-0400,True
423,7302326066,4650,2011,volkswagen,excellent,4,gas,50000.0,automatic,unlisted,mid-size,sedan,silver,tx,25.950376,-97.321693,2021-04-05T17:04:33-0500,False
424,7310630717,2595,2006,volkswagen,unlisted,4,diesel,208998.0,automatic,fwd,unlisted,hatchback,silver,co,38.909638,-104.785056,2021-04-21T17:51:15-0600,False
425,7315520530,4950,2009,honda,excellent,4,gas,206043.0,automatic,fwd,compact,sedan,white,mn,44.630379,-93.136296,2021-05-01T16:35:42-0500,False
426,7303623794,30989,2018,chevrolet,unlisted,8,gas,119984.0,automatic,4wd,full-size,pickup,white,md,39.115711,-76.892291,2021-04-08T10:42:33-0400,False
427,7305690859,48650,2014,toyota,excellent,8,gas,87721.0,automatic,4wd,full-size,SUV,silver,nc,35.0271,-85.2356,2021-04-12T12:47:12-0400,False
428,7315410812,33990,2019,ford,good,8,gas,11751.0,other,unlisted,unlisted,pickup,unlisted,ca,32.74,-117.17,2021-05-01T11:13:00-0700,False
429,7303173596,20700,2015,ford,unlisted,6,gas,73221.0,automatic,4wd,unlisted,SUV,black,ar,36.058573,-91.900284,2021-04-07T11:35:19-0500,False
430,7308874246,10995,2016,chevrolet,unlisted,4,gas,55731.0,automatic,fwd,unlisted,sedan,custom,ny,43.0651,-76.4598,2021-04-18T15:05:05-0400,True
431,7316742053,38898,2016,ram,unlisted,6,diesel,86854.0,automatic,4wd,unlisted,unlisted,unlisted,id,47.670516,-117.115266,2021-05-04T08:39:13-0700,False
432,7311865528,2800,2014,dodge,unlisted,6,gas,99000.0,automatic,unlisted,unlisted,SUV,unlisted,tx,30.319959,-97.687254,2021-04-24T10:20:26-0500,False
433,7310558002,8999,2006,acura,excellent,6,gas,130321.0,automatic,unlisted,unlisted,sedan,unlisted,ca,39.123441,-121.61144,2021-04-21T14:16:41-0700,False
434,7315885008,5995,2008,kia,excellent,4,gas,117053.0,automatic,fwd,compact,hatchback,grey,sc,32.909424,-80.070248,2021-05-02T15:33:21-0400,True
435,7312784665,52747,2019,ram,unlisted,8,gas,16890.0,automatic,4wd,unlisted,truck,unlisted,or,45.150695,-122.884236,2021-04-26T07:37:36-0700,False
436,7307617014,5800,2008,toyota,unlisted,6,gas,118674.0,automatic,unlisted,unlisted,unlisted,white,al,34.7784,-86.6091,2021-04-16T06:44:14-0500,False
437,7305070432,12950,2015,hyundai,excellent,4,hybrid,193000.0,automatic,fwd,mid-size,sedan,black,tn,35.0942,-85.1757,2021-04-11T06:56:54-0400,False
438,7316237668,16992,2016,nissan,unlisted,4,unlisted,35365.0,automatic,unlisted,unlisted,SUV,unlisted,co,39.594285,-104.872553,2021-05-03T10:01:06-0600,False
439,7312299550,2500,2006,gmc,fair,8,gas,279000.0,automatic,4wd,full-size,pickup,red,ny,42.3183,-77.6577,2021-04-25T10:07:30-0400,False
440,7316007970,10000,2003,chevrolet,fair,8,diesel,230000.0,automatic,4wd,unlisted,pickup,black,oh,41.5482,-82.8228,2021-05-02T20:18:22-0400,False
441,7315115508,7500,2012,subaru,unlisted,4,gas,106000.0,automatic,unlisted,unlisted,unlisted,unlisted,mn,46.8677,-96.7572,2021-04-30T19:27:35-0500,False
442,7307183152,23500,2014,subaru,unlisted,4,gas,47128.0,other,4wd,unlisted,sedan,black,ca,40.572233,-122.368501,2021-04-15T08:03:51-0700,False
443,7314324713,5490,2003,lexus,good,6,gas,126000.0,automatic,unlisted,unlisted,unlisted,white,ga,34.0268,-84.2422,2021-04-29T11:22:20-0400,False
444,7307957586,16500,2013,toyota,unlisted,4,gas,80732.0,automatic,fwd,unlisted,SUV,unlisted,mn,46.590185,-95.57469,2021-04-16T16:33:14-0500,False
445,7303028854,8995,2012,subaru,unlisted,4,gas,115855.0,automatic,unlisted,unlisted,SUV,red,ny,43.0777,-76.9896,2021-04-07T08:01:34-0400,True
446,7311254093,29990,2012,toyota,good,6,gas,43182.0,other,4wd,unlisted,pickup,white,md,33.779214,-84.411811,2021-04-23T07:11:26-0400,False
447,7315906466,6900,2012,chevrolet,new,4,gas,122000.0,automatic,fwd,full-size,sedan,silver,ca,37.74,-121.424,2021-05-02T13:15:32-0700,False
448,7315598693,6250,2006,honda,good,6,gas,184440.0,automatic,fwd,full-size,sedan,grey,tn,36.0662,-86.9639,2021-05-01T20:00:37-0500,False
449,7307399835,12995,2011,ram,excellent,8,gas,148072.0,automatic,rwd,full-size,pickup,white,tx,32.207754,-110.890427,2021-04-15T14:47:23-0600,False
450,7315009078,6991,2013,volkswagen,excellent,4,gas,146315.0,automatic,fwd,unlisted,SUV,blue,fl,26.093111,-80.142651,2021-04-30T16:39:02-0400,True
451,7311477264,8848,2010,chevrolet,excellent,4,gas,113886.0,automatic,fwd,mid-size,sedan,black,wi,44.52039,-88.06645,2021-04-23T13:24:31-0500,False
452,7314373519,10800,2011,unlisted,like new,4,gas,81000.0,automatic,4wd,full-size,unlisted,silver,ks,38.6961,-93.2323,2021-04-29T11:43:55-0500,False
453,7315094593,49999,2019,ram,unlisted,8,gas,35293.0,automatic,4wd,full-size,pickup,silver,co,39.5805,-104.9011,2021-04-30T17:33:01-0600,False
454,7315332071,43991,2017,unlisted,excellent,6,gas,47891.0,automatic,4wd,unlisted,SUV,unlisted,oh,39.884989,-82.967588,2021-05-01T12:04:19-0400,False
455,7315775029,33945,2018,alfa-romeo,unlisted,4,gas,20412.0,automatic,4wd,unlisted,SUV,grey,wa,46.567948,-120.485788,2021-05-02T09:00:47-0700,False
456,7314197403,6995,2010,nissan,like new,4,gas,87085.0,automatic,fwd,unlisted,unlisted,unlisted,id,43.619008,-116.244845,2021-04-28T22:46:21-0600,False
457,7301897491,5000,2007,unlisted,fair,6,diesel,294342.0,automatic,unlisted,unlisted,unlisted,unlisted,fl,27.1398,-80.2129,2021-04-04T22:02:09-0400,True
458,7310896707,25849,2019,gmc,excellent,4,gas,38061.0,automatic,fwd,unlisted,SUV,grey,mo,38.613839,-92.571101,2021-04-22T11:37:38-0500,False
459,7311986665,11950,2008,bmw,excellent,8,gas,72500.0,automatic,rwd,full-size,sedan,white,ca,39.524283,-119.825238,2021-04-24T11:31:05-0700,True
460,7313119138,57999,2019,ford,excellent,8,diesel,84610.0,automatic,4wd,full-size,truck,white,id,42.7178,-114.5012,2021-04-26T18:05:02-0600,True
461,7315081329,3960,2011,ford,excellent,4,gas,230739.0,automatic,4wd,unlisted,SUV,unlisted,mi,42.568136,-83.813674,2021-04-30T19:02:26-0400,False
462,7316326736,9950,2006,ford,excellent,8,gas,101310.0,automatic,rwd,full-size,unlisted,white,tn,36.060203,-83.923744,2021-05-03T14:15:25-0400,False
463,7314801308,19500,2011,toyota,good,8,gas,106815.0,automatic,4wd,full-size,pickup,blue,oh,41.355747,-82.119068,2021-04-30T10:52:51-0400,False
464,7316495514,16950,2016,unlisted,excellent,4,gas,88257.0,automatic,rwd,unlisted,coupe,black,tx,32.710198,-97.020485,2021-05-03T18:16:32-0500,False
465,7313599275,17500,2001,ram,good,6,diesel,178000.0,manual,4wd,full-size,truck,white,al,33.2283,-86.4928,2021-04-27T18:07:08-0500,False
466,7316744583,31995,2018,ford,excellent,6,gas,71.0,automatic,4wd,unlisted,truck,blue,ma,42.677719,-71.232191,2021-05-04T11:43:27-0400,False
467,7313464524,0,2017,dodge,like new,8,gas,39000.0,automatic,rwd,mid-size,coupe,green,al,34.188155,-86.851389,2021-04-27T13:52:29-0500,False
468,7311023293,23500,2018,toyota,unlisted,4,gas,34036.0,automatic,4wd,unlisted,SUV,grey,wi,43.11357,-89.659963,2021-04-22T15:04:32-0500,False
469,7311054690,21995,2001,ford,excellent,10,gas,41432.0,automatic,4wd,full-size,truck,white,ca,39.494492,-119.78862,2021-04-22T14:01:01-0700,False
470,7307880135,9995,2015,jeep,good,4,gas,111720.0,automatic,4wd,full-size,SUV,black,pa,40.14355,-76.597071,2021-04-16T15:22:04-0400,False
471,7316369526,8000,2007,toyota,salvage,6,gas,203000.0,automatic,4wd,mid-size,SUV,grey,fl,30.579,-84.102,2021-05-03T15:22:38-0400,False
472,7301789939,4250,2007,chrysler,unlisted,4,gas,94093.0,automatic,fwd,unlisted,sedan,red,al,33.455361,-86.962474,2021-04-04T15:30:33-0500,True
473,7303332955,8995,2012,toyota,good,4,gas,125945.0,automatic,fwd,unlisted,sedan,grey,vt,43.323686,-72.508351,2021-04-07T16:50:13-0400,False
474,7310834793,9998,2007,gmc,unlisted,8,gas,219045.0,automatic,4wd,unlisted,SUV,unlisted,id,47.538026,-116.11945,2021-04-22T07:59:35-0700,False
475,7313789828,29990,2018,chevrolet,good,6,gas,11401.0,other,4wd,unlisted,pickup,red,in,39.16,-86.52,2021-04-28T10:01:01-0400,False
476,7316380550,32590,2017,jeep,good,6,gas,34703.0,other,4wd,unlisted,other,unlisted,il,39.78,-89.64,2021-05-03T14:41:00-0500,False
477,7311878004,37990,2019,ford,good,8,gas,337.0,other,rwd,unlisted,coupe,black,ky,36.97,-86.44,2021-04-24T10:41:19-0500,False
478,7314927535,4888,2008,ford,excellent,4,gas,93465.0,automatic,fwd,compact,sedan,grey,wi,42.676573,-88.2816,2021-04-30T13:20:24-0500,False
479,7313436483,14999,2013,ford,like new,6,gas,123456.0,automatic,4wd,full-size,truck,silver,fl,28.0068,-82.556,2021-04-27T14:07:12-0400,True
480,7310233232,8999,2004,chevrolet,good,8,gas,144756.0,automatic,rwd,full-size,pickup,white,md,38.4864,-75.7414,2021-04-21T06:57:42-0400,False
481,7309271054,10880,2016,dodge,unlisted,4,gas,99022.0,manual,fwd,unlisted,sedan,silver,wa,47.434493,-120.320759,2021-04-19T08:50:57-0700,True
482,7310948724,0,1980,unlisted,good,4,gas,111695.0,manual,rwd,compact,convertible,yellow,fl,39.338,-82.9895,2021-04-22T14:00:00-0400,False
483,7308852713,13200,2013,nissan,excellent,4,gas,46041.0,automatic,unlisted,unlisted,SUV,red,co,38.487165,-107.75847,2021-04-18T12:28:32-0600,False
484,7309308715,420,2014,chevrolet,unlisted,8,gas,82271.0,automatic,4wd,unlisted,truck,unlisted,or,44.973187,-123.018138,2021-04-19T09:42:03-0700,False
485,7314095322,0,2001,toyota,excellent,8,gas,240000.0,automatic,rwd,unlisted,unlisted,green,wy,40.114685,-104.971971,2021-04-28T17:00:27-0600,False
486,7315265570,332,2021,volkswagen,unlisted,4,gas,4.0,automatic,fwd,unlisted,hatchback,unlisted,ca,33.755638,-116.286258,2021-05-01T07:00:52-0700,False
487,7309900783,18900,2012,bmw,excellent,8,gas,86700.0,automatic,4wd,full-size,sedan,silver,oh,40.0009,-82.6687,2021-04-20T13:26:21-0400,False
488,7308216912,29990,2019,volkswagen,good,6,gas,15471.0,other,unlisted,unlisted,other,red,tn,35.97,-83.94,2021-04-17T10:21:16-0400,False
489,7309559317,32000,2018,jeep,excellent,6,gas,50000.0,automatic,4wd,unlisted,unlisted,unlisted,va,37.568579,-77.537094,2021-04-19T19:20:54-0400,False
490,7316409902,5495,2009,toyota,excellent,4,hybrid,147000.0,automatic,fwd,compact,sedan,grey,il,42.0962,-88.2902,2021-05-03T15:30:00-0500,False
491,7308419364,3200,2007,honda,good,4,gas,247000.0,automatic,4wd,unlisted,SUV,green,ok,36.017464,-95.797462,2021-04-17T14:32:39-0500,False
492,7316337692,3900,2008,chevrolet,good,6,gas,229000.0,automatic,4wd,unlisted,SUV,black,mi,42.9821,-83.734,2021-05-03T14:32:36-0400,True
493,7309649812,7999,2008,chevrolet,excellent,6,gas,167785.0,automatic,unlisted,unlisted,SUV,unlisted,ca,39.123441,-121.61144,2021-04-19T20:47:24-0700,False
494,7316626153,11250,1982,pontiac,excellent,6,gas,21617.0,automatic,rwd,mid-size,coupe,blue,pa,40.5488,-80.0474,2021-05-04T06:28:44-0400,True
495,7308525176,3500,2009,cadillac,good,6,gas,132000.0,automatic,fwd,full-size,sedan,silver,ca,33.7225,-116.377,2021-04-17T15:57:42-0700,False
496,7316363768,11500,2009,audi,good,8,gas,119223.0,automatic,4wd,unlisted,unlisted,blue,fl,27.845,-82.3125,2021-05-03T15:13:06-0400,False
497,7314757529,6700,1993,toyota,like new,6,gas,74000.0,automatic,fwd,mid-size,sedan,silver,ar,36.2554,-94.1308,2021-04-30T08:27:22-0500,False
498,7311488250,29590,2017,jeep,good,6,gas,49158.0,other,4wd,unlisted,other,unlisted,sc,34.83,-82.37,2021-04-23T14:41:18-0400,False
499,7307083408,30590,2016,jeep,good,6,gas,59322.0,other,4wd,unlisted,SUV,black,ar,33.7865,-84.4454,2021-04-15T05:11:00-0500,False
500,7316950188,23499,2013,chevrolet,good,8,gas,153750.0,automatic,4wd,unlisted,unlisted,white,id,43.586593,-116.539021,2021-05-04T15:17:23-0600,True
501,7316881680,20995,2015,infiniti,excellent,6,gas,78376.0,automatic,4wd,unlisted,unlisted,unlisted,az,32.680092,-112.116593,2021-05-04T12:17:32-0700,False
502,7313241290,32990,2011,mercedes-benz,good,8,gas,82763.0,automatic,rwd,unlisted,sedan,unlisted,ca,33.779214,-84.411811,2021-04-27T04:50:59-0700,False
503,7316377044,995,2001,unlisted,fair,6,gas,233000.0,automatic,fwd,mid-size,sedan,white,mn,47.2348,-93.5115,2021-05-03T14:34:56-0500,False
504,7312846706,35850,2019,bmw,good,4,gas,9059.0,automatic,unlisted,unlisted,sedan,unlisted,wa,48.7542,-122.471,2021-04-26T09:14:33-0700,True
505,7313140157,22500,2008,ram,excellent,6,diesel,316786.0,automatic,4wd,full-size,pickup,white,nv,36.2765,-115.2885,2021-04-26T17:57:27-0700,False
506,7313561536,9900,2003,chevrolet,excellent,8,gas,191656.0,automatic,4wd,full-size,truck,unlisted,ia,42.476449,-92.284028,2021-04-27T16:45:30-0500,False
507,7316713269,3900,2004,chevrolet,good,6,gas,122462.0,automatic,fwd,full-size,sedan,silver,ky,38.207688,-85.788398,2021-05-04T10:50:59-0400,False
508,7313994873,19990,2014,ford,excellent,6,gas,97304.0,automatic,4wd,unlisted,SUV,unlisted,fl,27.5885,-80.3923,2021-04-28T15:42:11-0400,True
509,7316857636,4800,2013,chevrolet,excellent,4,gas,160000.0,automatic,fwd,compact,unlisted,grey,wa,46.2109,-119.168,2021-05-04T11:37:43-0700,False
510,7311099750,4495,2002,chrysler,excellent,6,gas,125768.0,automatic,fwd,mid-size,coupe,custom,il,38.8014,-90.5065,2021-04-22T17:31:32-0500,True
511,7310003755,1695,2006,toyota,excellent,6,gas,224123.0,automatic,fwd,unlisted,van,unlisted,ia,41.627425,-93.651838,2021-04-20T15:08:21-0500,False
512,7313319571,8999,2006,chevrolet,excellent,6,gas,55049.0,automatic,fwd,full-size,SUV,blue,ks,39.01261,-94.697291,2021-04-27T10:01:28-0500,False
513,7310402802,24590,2019,chrysler,good,6,gas,15557.0,other,rwd,unlisted,sedan,black,va,36.67,-76.3,2021-04-21T13:00:45-0400,False
514,7310180059,17295,2014,chrysler,excellent,8,gas,129128.0,automatic,rwd,unlisted,sedan,blue,tn,35.172002,-89.943849,2021-04-20T22:15:52-0500,True
515,7311491432,11990,2011,mercedes-benz,excellent,6,gas,134997.0,automatic,rwd,full-size,sedan,unlisted,fl,28.027023,-82.459896,2021-04-23T14:46:24-0400,False
516,7314575273,3795,2008,pontiac,unlisted,4,gas,97834.0,automatic,fwd,mid-size,sedan,blue,ma,42.023457,-71.142876,2021-04-29T18:50:57-0400,False
517,7305922865,2200,1994,toyota,good,4,gas,227745.0,manual,rwd,mid-size,pickup,blue,ca,39.8032,-121.8673,2021-04-12T16:07:54-0700,False
518,7314828617,14899,2016,chevrolet,unlisted,4,gas,83450.0,automatic,4wd,unlisted,SUV,black,ky,38.678459,-84.600891,2021-04-30T11:39:58-0400,False
519,7304146186,0,2015,jeep,unlisted,4,gas,73462.0,automatic,fwd,unlisted,SUV,unlisted,ca,33.755638,-116.286258,2021-04-09T07:51:09-0700,False
520,7303864803,4899,2008,honda,unlisted,6,gas,209009.0,automatic,unlisted,unlisted,unlisted,unlisted,ct,41.8341,-72.5576,2021-04-08T17:09:13-0400,True
521,7311884850,16675,2014,honda,good,4,gas,97868.0,automatic,fwd,full-size,SUV,silver,tn,36.150429,-86.701409,2021-04-24T10:52:44-0500,False
522,7309577821,19800,2006,chevrolet,excellent,8,gas,96951.0,automatic,rwd,mid-size,coupe,blue,nc,36.103803,-78.292398,2021-04-19T20:00:18-0400,False
523,7316852318,8750,2008,lexus,excellent,6,hybrid,139951.0,automatic,4wd,full-size,SUV,custom,wa,47.702923,-122.17535,2021-05-04T11:29:31-0700,False
524,7315216374,0,2005,nissan,good,6,other,65826.0,automatic,rwd,unlisted,coupe,blue,mo,36.687371,-93.380217,2021-05-01T06:10:26-0500,False
525,7302787616,4000,1985,unlisted,good,8,gas,176000.0,automatic,rwd,unlisted,coupe,black,nc,34.2651,-77.867,2021-04-06T16:08:15-0400,False
526,7316474436,24972,2015,ford,excellent,6,gas,70280.0,automatic,rwd,full-size,truck,white,wi,44.408989,-89.88121,2021-05-03T17:31:39-0500,True
527,7314855324,13900,2014,infiniti,excellent,6,gas,80400.0,automatic,4wd,mid-size,sedan,black,ca,38.5981,-121.2153,2021-04-30T09:22:41-0700,True
528,7311840944,7500,2014,mitsubishi,excellent,4,gas,35790.0,automatic,unlisted,unlisted,unlisted,blue,ny,44.205,-73.4702,2021-04-24T10:37:03-0400,False
529,7310028181,4750,2005,buick,unlisted,6,gas,101000.0,automatic,unlisted,unlisted,unlisted,unlisted,ok,35.3669,-97.5038,2021-04-20T15:51:31-0500,False
530,7309849648,6700,2012,jeep,excellent,4,gas,111500.0,automatic,4wd,unlisted,SUV,black,ny,40.7117,-73.3007,2021-04-20T12:13:11-0400,False
531,7316911738,36995,2019,ford,excellent,6,gas,26000.0,automatic,rwd,full-size,van,white,or,45.512148,-122.578701,2021-05-04T13:08:03-0700,False
532,7315309711,9998,2010,subaru,unlisted,6,gas,154817.0,automatic,4wd,unlisted,wagon,unlisted,id,47.696062,-116.781406,2021-05-01T08:25:16-0700,False
533,7310035640,18995,2017,subaru,unlisted,4,gas,136585.0,automatic,unlisted,unlisted,SUV,blue,ks,39.0299,-96.8396,2021-04-20T16:04:37-0500,True
534,7316785702,33995,2017,ford,unlisted,8,gas,35932.0,automatic,unlisted,unlisted,coupe,black,ks,39.0152,-94.2604,2021-05-04T11:47:02-0500,False
535,7311453578,3999,2006,mercedes-benz,good,6,gas,119000.0,automatic,unlisted,unlisted,unlisted,unlisted,nc,35.292,-81.536,2021-04-23T13:47:58-0400,False
536,7316202876,19999,1997,mercedes-benz,excellent,12,gas,92000.0,automatic,rwd,compact,convertible,black,nc,35.1355,-80.7669,2021-05-03T11:06:10-0400,False
537,7312899101,39590,2018,toyota,good,6,gas,34199.0,other,4wd,unlisted,other,red,mi,42.27,-85.58,2021-04-26T13:30:47-0400,False
538,7314484444,3000,2004,chrysler,good,4,gas,100000.0,automatic,unlisted,unlisted,unlisted,grey,mi,42.636706,-82.899124,2021-04-29T15:53:22-0400,False
539,7314841449,34590,2016,chevrolet,good,6,gas,29499.0,other,4wd,unlisted,pickup,silver,tx,29.3,-94.79,2021-04-30T11:01:07-0500,False
540,7315213640,4500,2010,honda,excellent,4,other,116500.0,automatic,fwd,compact,hatchback,white,ct,41.5569,-72.6652,2021-05-01T06:52:44-0400,False
541,7314852308,23995,2016,ford,excellent,6,gas,67696.0,automatic,4wd,full-size,SUV,red,mn,45.832655,-95.389266,2021-04-30T11:18:00-0500,True
542,7313731092,7900,2004,infiniti,good,8,gas,163000.0,automatic,4wd,unlisted,unlisted,silver,mi,42.851055,-83.45119,2021-04-28T06:31:02-0400,True
543,7312684864,5700,2007,ford,excellent,8,gas,250300.0,automatic,rwd,full-size,pickup,unlisted,fl,28.708517,-81.325937,2021-04-26T02:33:55-0400,False
544,7315355397,9000,2011,acura,excellent,4,gas,114361.0,automatic,fwd,full-size,sedan,unlisted,ca,34.091855,-117.333624,2021-05-01T09:42:54-0700,False
545,7314681013,23990,2015,lexus,good,6,gas,53388.0,other,unlisted,unlisted,sedan,white,ny,42.86,-76.98,2021-04-30T00:31:12-0400,False
546,7315810220,2650,2007,ford,good,6,gas,192720.0,automatic,4wd,full-size,sedan,black,oh,41.2637,-82.3782,2021-05-02T13:10:19-0400,True
547,7315286840,12995,2015,hyundai,excellent,4,hybrid,74000.0,automatic,fwd,mid-size,sedan,red,ks,38.910546,-94.386935,2021-05-01T09:43:24-0500,False
548,7309728810,12999,2004,bmw,like new,8,gas,86000.0,automatic,rwd,mid-size,coupe,black,mi,42.8697,-85.6628,2021-04-20T08:40:15-0400,True
549,7312707063,42995,2019,ford,good,8,other,19444.0,automatic,4wd,unlisted,pickup,blue,ny,43.220454,-77.819038,2021-04-26T07:10:57-0400,False
550,7303590728,29990,2017,lincoln,good,6,gas,23545.0,automatic,unlisted,unlisted,SUV,blue,mn,44.01,-92.47,2021-04-08T08:42:54-0500,False
551,7308041359,7913,2013,unlisted,excellent,4,gas,97250.0,automatic,fwd,unlisted,SUV,grey,ca,40.4574,-122.3282,2021-04-16T17:35:36-0700,True
552,7304710876,24990,2018,toyota,good,6,hybrid,33411.0,other,fwd,unlisted,sedan,black,ri,41.82,-71.41,2021-04-10T12:11:20-0400,False
553,7313476050,36990,2016,gmc,good,8,gas,23190.0,other,4wd,unlisted,pickup,black,ct,41.31,-72.92,2021-04-27T15:11:19-0400,False
554,7313825731,24500,2013,gmc,excellent,8,gas,107000.0,automatic,4wd,unlisted,unlisted,grey,ar,34.0442,-94.3386,2021-04-28T10:08:12-0500,True
555,7310789065,10990,2016,chevrolet,unlisted,4,gas,122006.0,automatic,fwd,unlisted,sedan,silver,oh,39.651352,-84.222938,2021-04-22T09:31:03-0400,False
556,7317007912,7500,2000,ford,good,8,gas,2000.0,manual,rwd,unlisted,pickup,black,wy,40.733841,-107.687093,2021-05-04T17:17:34-0600,False
557,7316371152,6499,2009,ford,unlisted,8,other,185759.0,automatic,unlisted,unlisted,van,yellow,wi,42.3542,-87.8651,2021-05-03T14:25:22-0500,True
558,7311662568,0,2020,ford,unlisted,6,gas,38.0,automatic,rwd,unlisted,unlisted,unlisted,or,44.819991,-122.799701,2021-04-23T17:16:40-0700,False
559,7303529984,9488,2010,honda,unlisted,4,gas,69678.0,automatic,fwd,mid-size,hatchback,silver,tn,35.025913,-89.788637,2021-04-08T04:06:06-0500,False
560,7307728201,12552,2015,nissan,unlisted,4,gas,61678.0,automatic,fwd,mid-size,sedan,custom,fl,30.159737,-85.660922,2021-04-16T10:37:32-0500,False
561,7316319901,12995,2005,ram,unlisted,8,gas,0.0,automatic,4wd,unlisted,pickup,white,or,45.510365,-122.577942,2021-05-03T11:04:48-0700,False
562,7302655154,41590,2020,buick,good,6,gas,29010.0,other,fwd,unlisted,SUV,red,tn,36.15,-85.5,2021-04-06T11:41:16-0500,False
563,7313732319,35990,2020,dodge,good,8,gas,1548.0,other,rwd,unlisted,coupe,black,mi,33.779214,-84.411811,2021-04-28T06:41:34-0400,False
564,7314646806,0,2007,chevrolet,excellent,4,gas,163072.0,automatic,fwd,compact,sedan,red,mo,37.083944,-94.471949,2021-04-29T21:02:19-0500,True
565,7316375373,4999,2002,infiniti,unlisted,6,gas,128994.0,automatic,fwd,unlisted,sedan,brown,wa,47.745162,-122.344962,2021-05-03T12:32:08-0700,False
566,7312348517,5499,2008,ford,excellent,6,gas,137250.0,automatic,4wd,full-size,SUV,red,wv,39.5526,-78.1877,2021-04-25T11:52:23-0400,False
567,7312159224,0,2016,ford,unlisted,8,diesel,39595.0,automatic,4wd,unlisted,truck,unlisted,or,44.950772,-122.988331,2021-04-24T17:19:23-0700,False
568,7313604400,32500,1995,chevrolet,excellent,8,gas,21.0,automatic,rwd,mid-size,unlisted,black,mt,45.7753,-108.6519,2021-04-27T17:18:36-0600,False
569,7310014181,23995,2018,ford,excellent,6,gas,83000.0,automatic,4wd,mid-size,SUV,brown,mi,43.28348,-86.261376,2021-04-20T16:26:47-0400,False
570,7316952009,8990,2011,subaru,good,4,gas,128635.0,automatic,4wd,unlisted,unlisted,unlisted,nc,35.848,-78.6317,2021-05-04T17:20:44-0400,False
571,7309670640,9900,1998,mazda,good,6,gas,80.0,automatic,rwd,mid-size,truck,green,ca,35.3172,-120.8333,2021-04-19T22:55:57-0700,False
572,7310769608,27995,2016,gmc,excellent,8,gas,101705.0,automatic,4wd,full-size,truck,blue,wi,44.867,-91.6752,2021-04-22T07:40:48-0500,False
573,7308349906,14900,2014,ford,excellent,6,gas,82000.0,automatic,rwd,mid-size,coupe,blue,fl,27.153407,-82.462061,2021-04-17T13:48:19-0400,False
574,7315987893,13500,2010,toyota,excellent,6,gas,144905.0,automatic,4wd,unlisted,SUV,grey,ca,37.32316,-121.955034,2021-05-02T16:23:18-0700,False
575,7315377386,11995,2017,nissan,unlisted,4,gas,59116.0,automatic,fwd,unlisted,sedan,white,il,41.572305,-88.113993,2021-05-01T12:18:33-0500,False
576,7312598104,11500,2012,toyota,excellent,6,gas,152000.0,automatic,rwd,full-size,SUV,red,ok,36.0467,-95.8841,2021-04-25T19:01:53-0500,False
577,7315648450,9995,2014,toyota,like new,4,gas,103694.0,automatic,fwd,compact,sedan,grey,ca,34.1339,-118.2082,2021-05-01T21:53:05-0700,True
578,7312988886,14688,2019,ford,good,4,gas,27565.0,automatic,fwd,unlisted,hatchback,unlisted,ca,38.610767,-121.422557,2021-04-26T12:50:54-0700,False
579,7309899099,9700,2014,ford,unlisted,6,gas,166057.0,automatic,unlisted,unlisted,unlisted,grey,al,33.636346,-85.825314,2021-04-20T12:23:58-0500,False
580,7313381113,6788,2004,chevrolet,like new,8,diesel,344000.0,automatic,unlisted,unlisted,truck,blue,id,47.809,-117.62,2021-04-27T09:40:25-0700,False
581,7306651783,22990,2013,lexus,good,6,gas,54357.0,other,rwd,unlisted,sedan,unlisted,mi,42.27,-85.58,2021-04-14T10:40:58-0400,False
582,7313237305,36590,2019,chevrolet,good,8,gas,7619.0,other,unlisted,unlisted,pickup,white,ca,33.7865,-84.4454,2021-04-27T04:31:32-0700,False
583,7315228371,1000,2016,ford,salvage,4,gas,85710.0,automatic,unlisted,compact,hatchback,silver,ky,38.2651,-85.8045,2021-05-01T08:11:15-0400,False
584,7313522232,7880,2005,subaru,excellent,4,gas,109100.0,automatic,4wd,compact,wagon,silver,sc,34.874665,-82.395616,2021-04-27T16:30:34-0400,True
585,7314424800,16888,2018,buick,excellent,4,gas,28830.0,automatic,fwd,unlisted,SUV,unlisted,ca,36.919498,-121.767998,2021-04-29T11:09:07-0700,False
586,7309814893,59990,2019,mercedes-benz,good,6,gas,12765.0,other,unlisted,unlisted,other,black,ny,43.31,-73.64,2021-04-20T11:21:08-0400,False
587,7311430672,19977,2004,chevrolet,unlisted,8,gas,38704.0,automatic,rwd,unlisted,convertible,black,mo,37.820812,-90.45772,2021-04-23T12:13:26-0500,False
588,7314807001,14572,2018,chevrolet,excellent,4,gas,92221.0,automatic,unlisted,unlisted,SUV,unlisted,mi,42.568136,-83.813674,2021-04-30T11:02:27-0400,False
589,7310271265,2000,2007,chevrolet,fair,8,gas,200000.0,automatic,4wd,unlisted,truck,unlisted,tx,34.228599,-102.71543,2021-04-21T08:19:47-0500,False
590,7312742495,13998,2016,ford,unlisted,4,gas,65449.0,automatic,4wd,unlisted,SUV,silver,ks,36.434187,-99.43055,2021-04-26T08:18:07-0500,True
591,7311981195,8250,2011,toyota,good,4,hybrid,188500.0,automatic,fwd,mid-size,hatchback,black,va,38.006828,-78.599994,2021-04-24T14:22:24-0400,False
592,7316449619,27990,2012,gmc,good,8,gas,68696.0,other,4wd,unlisted,pickup,black,nc,35.82,-78.65,2021-05-03T17:41:10-0400,False
593,7316187215,34990,2020,nissan,good,6,gas,13188.0,other,rwd,unlisted,coupe,unlisted,nc,35.82,-78.65,2021-05-03T10:40:51-0400,False
594,7312818160,25562,2017,ram,excellent,8,gas,73202.0,automatic,unlisted,unlisted,truck,unlisted,ca,34.213401,-119.178039,2021-04-26T08:31:25-0700,False
595,7305846680,10999,2006,lexus,excellent,6,gas,119388.0,automatic,4wd,mid-size,sedan,black,ca,38.608933,-121.430188,2021-04-12T13:43:08-0700,False
596,7311506430,27999,2018,chevrolet,unlisted,6,gas,78518.0,automatic,fwd,unlisted,SUV,custom,tn,36.5853,-87.4186,2021-04-23T14:10:39-0500,True
597,7309236096,15999,2017,hyundai,unlisted,4,gas,25035.0,automatic,fwd,unlisted,sedan,black,sc,33.383436,-79.305455,2021-04-19T11:01:01-0400,False
598,7311113089,6999,2012,ford,excellent,4,gas,124625.0,automatic,fwd,compact,sedan,blue,or,44.634426,-123.085706,2021-04-22T16:01:27-0700,False
599,7306091427,33590,2017,audi,good,6,gas,14318.0,automatic,unlisted,unlisted,SUV,black,ga,33.45,-81.99,2021-04-13T09:10:54-0400,False
600,7306418168,4295,2010,kia,excellent,4,gas,180000.0,automatic,fwd,unlisted,sedan,green,mn,47.047586,-92.055405,2021-04-13T17:27:18-0500,False
601,7307144462,21000,2015,gmc,like new,6,gas,98300.0,automatic,unlisted,unlisted,truck,silver,in,39.2301,-85.8855,2021-04-15T09:54:50-0400,True
602,7314088722,27250,2015,ford,excellent,8,diesel,1.0,automatic,4wd,unlisted,unlisted,unlisted,ok,36.744,-95.9921,2021-04-28T17:45:56-0500,False
603,7309787360,11900,2016,dodge,unlisted,4,gas,6363.0,manual,fwd,unlisted,sedan,orange,pa,40.810152,-80.425219,2021-04-20T10:38:14-0400,False
604,7303131079,17590,2013,acura,good,6,other,88188.0,automatic,fwd,unlisted,SUV,black,nc,35.73,-81.32,2021-04-07T11:31:30-0400,False
605,7316912183,5996,2006,jeep,good,6,gas,18513.0,automatic,4wd,mid-size,SUV,silver,il,38.700982,-90.496883,2021-05-04T15:08:46-0500,False
606,7311430692,17990,2013,nissan,excellent,6,gas,91000.0,automatic,4wd,unlisted,unlisted,unlisted,nh,42.921166,-70.858589,2021-04-23T13:13:28-0400,True
607,7315535445,3400,2009,ford,good,6,gas,171000.0,automatic,4wd,mid-size,sedan,white,co,39.778339,-105.137912,2021-05-01T16:09:00-0600,False
608,7313488131,31990,2019,lincoln,good,6,gas,32304.0,other,unlisted,unlisted,hatchback,black,nv,36.17,-115.12,2021-04-27T12:31:21-0700,False
609,7306060167,34990,2020,buick,good,6,gas,18318.0,other,unlisted,unlisted,SUV,red,pa,41.64,-80.14,2021-04-13T07:10:53-0400,False
610,7308736140,17981,2009,ford,excellent,8,gas,67586.0,automatic,4wd,unlisted,truck,unlisted,mi,42.300673,-84.024108,2021-04-18T11:02:17-0400,False
611,7311257367,2600,2006,nissan,good,4,gas,150000.0,automatic,fwd,mid-size,sedan,blue,fl,33.6954,-84.2489,2021-04-23T07:30:32-0400,True
612,7311594654,14899,2010,mercedes-benz,excellent,6,gas,82000.0,automatic,unlisted,unlisted,coupe,unlisted,ca,33.743904,-116.359028,2021-04-23T14:44:12-0700,False
613,7314848036,33990,2017,jeep,good,6,gas,36171.0,other,4wd,unlisted,other,unlisted,mi,42.96,-85.65,2021-04-30T12:11:09-0400,False
614,7312744043,32990,2016,jeep,good,6,gas,42344.0,other,4wd,unlisted,other,silver,nc,34.76,-77.4,2021-04-26T09:21:23-0400,False
615,7309539593,21333,2017,ford,good,6,gas,49888.0,manual,rwd,unlisted,coupe,unlisted,ca,38.610767,-121.422557,2021-04-19T15:41:06-0700,False
616,7313401038,25990,2019,ram,good,8,gas,12302.0,other,unlisted,unlisted,pickup,white,mi,42.27,-83.73,2021-04-27T13:11:15-0400,False
617,7303753874,21995,2014,jeep,excellent,6,gas,106377.0,automatic,4wd,unlisted,SUV,white,tx,32.965063,-96.913304,2021-04-08T13:02:02-0500,True
618,7307106307,27590,2016,ram,good,6,gas,64791.0,other,unlisted,unlisted,pickup,black,pa,40.5,-78.4,2021-04-15T08:18:42-0400,False
619,7316300584,9495,2008,lexus,excellent,6,hybrid,157608.0,automatic,4wd,unlisted,SUV,grey,wi,44.610504,-88.049143,2021-05-03T12:35:07-0500,True
620,7314516057,9995,2014,jeep,like new,4,gas,86917.0,automatic,fwd,mid-size,SUV,silver,mt,45.777152,-108.553946,2021-04-29T14:50:34-0600,True
621,7306758569,23999,2020,nissan,unlisted,4,gas,48261.0,manual,fwd,unlisted,sedan,custom,wa,47.1991,-122.3151,2021-04-14T10:26:00-0700,True
622,7302302264,20900,2010,chevrolet,like new,8,gas,76879.0,manual,rwd,unlisted,coupe,yellow,ky,38.309161,-85.750428,2021-04-05T17:20:25-0400,False
623,7315616626,21995,2005,lexus,excellent,8,gas,154643.0,automatic,4wd,mid-size,SUV,blue,ca,35.246801,-120.667596,2021-05-01T19:07:07-0700,True
624,7310159148,6999,2014,chevrolet,good,6,gas,56000.0,automatic,fwd,unlisted,unlisted,white,sc,34.9947,-81.2245,2021-04-20T21:58:22-0400,False
625,7311404846,24950,2015,ford,unlisted,8,gas,136377.0,automatic,rwd,full-size,other,white,ia,32.73603,-97.133644,2021-04-23T11:34:07-0500,False
626,7307722798,22433,2015,chevrolet,excellent,8,gas,110573.0,automatic,4wd,mid-size,truck,black,oh,41.24643,-81.35853,2021-04-16T11:29:18-0400,False
627,7316137260,11995,2009,jeep,excellent,6,gas,85880.0,automatic,4wd,full-size,SUV,blue,ny,40.688472,-73.369718,2021-05-03T09:00:15-0400,False
628,7314774834,20000,1999,ford,excellent,8,diesel,370000.0,automatic,4wd,full-size,truck,white,ca,38.852107,-121.05732,2021-04-30T07:02:46-0700,False
629,7314254112,11000,2004,ford,good,8,diesel,171000.0,automatic,4wd,full-size,truck,blue,ia,41.1834,-95.9513,2021-04-29T07:53:09-0500,False
630,7302004286,4000,2006,chevrolet,excellent,6,gas,189681.0,automatic,fwd,full-size,sedan,silver,mi,42.94542,-83.67717,2021-04-05T09:30:20-0400,False
631,7310608535,7995,2002,gmc,unlisted,8,gas,290354.0,automatic,4wd,unlisted,unlisted,black,ca,39.721857,-121.827227,2021-04-21T15:59:59-0700,False
632,7313740332,22590,2013,infiniti,good,6,gas,57014.0,other,unlisted,unlisted,SUV,unlisted,dc,38.89,-77.03,2021-04-28T07:32:56-0400,False
633,7313349243,14800,2015,ram,excellent,6,gas,146762.0,automatic,4wd,unlisted,pickup,red,mi,42.913683,-85.738236,2021-04-27T11:51:19-0400,False
634,7313918179,1,2015,mercedes-benz,excellent,10,gas,59749.0,automatic,4wd,compact,sedan,blue,fl,28.466088,-81.396429,2021-04-28T13:34:19-0400,False
635,7307106512,42590,2015,mercedes-benz,good,6,gas,24048.0,other,rwd,unlisted,convertible,black,az,33.7865,-84.4454,2021-04-15T05:19:23-0700,False
636,7312748852,23990,2016,chevrolet,good,6,gas,41568.0,other,unlisted,unlisted,pickup,white,ga,31.15,-81.48,2021-04-26T09:31:47-0400,False
637,7301745723,18990,2013,infiniti,good,6,gas,97133.0,automatic,unlisted,unlisted,SUV,unlisted,in,39.77,-86.14,2021-04-04T14:41:01-0400,False
638,7312205852,10900,2003,ford,good,8,diesel,142000.0,automatic,4wd,unlisted,unlisted,unlisted,il,39.8004,-91.1436,2021-04-24T22:10:40-0500,False
639,7309789530,3300,2009,kia,good,4,gas,185702.0,manual,fwd,unlisted,hatchback,silver,nc,35.6348,-78.451,2021-04-20T10:41:47-0400,False
640,7313728194,9995,2008,dodge,excellent,6,gas,91611.0,automatic,4wd,full-size,wagon,grey,ma,41.9099,-72.6029,2021-04-28T06:00:06-0400,True
641,7312880653,0,2017,kia,like new,4,gas,29000.0,automatic,fwd,mid-size,sedan,silver,nm,35.094594,-106.550719,2021-04-26T11:03:29-0600,False
642,7316685455,89747,2020,ford,unlisted,8,diesel,22964.0,automatic,4wd,unlisted,unlisted,unlisted,or,45.150695,-122.884236,2021-05-04T07:00:59-0700,False
643,7312873837,44150,1962,ferrari,good,8,gas,35254.0,manual,rwd,unlisted,coupe,red,or,47.2042,-122.2734,2021-04-26T09:53:38-0700,False
644,7316060281,11700,2014,honda,good,4,gas,79552.0,automatic,fwd,compact,sedan,white,ca,37.9658,-121.7758,2021-05-02T20:20:57-0700,False
645,7306095644,41590,2018,audi,good,6,gas,34184.0,automatic,unlisted,unlisted,sedan,red,ny,42.21,-73.86,2021-04-13T09:21:05-0400,False
646,7304766768,17895,2019,hyundai,unlisted,4,gas,27421.0,automatic,4wd,unlisted,SUV,white,id,45.876983,-119.293925,2021-04-10T11:35:34-0600,False
647,7310354608,14500,2013,ford,unlisted,8,gas,177000.0,automatic,4wd,unlisted,unlisted,unlisted,id,42.5653,-114.614,2021-04-21T09:46:43-0600,False
648,7314789680,28590,2017,jeep,good,6,gas,37218.0,other,4wd,unlisted,other,unlisted,tx,31.84,-106.43,2021-04-30T08:31:30-0600,False
649,7307680402,29999,2014,ram,excellent,6,gas,70995.0,other,unlisted,full-size,truck,grey,fl,28.466088,-81.396429,2021-04-16T10:22:02-0400,False
650,7316739364,57000,2015,chevrolet,unlisted,8,diesel,78719.0,automatic,4wd,unlisted,truck,silver,wa,46.24078,-119.12479,2021-05-04T08:34:41-0700,False
651,7314456304,24999,2012,mercedes-benz,unlisted,6,gas,14000.0,automatic,rwd,unlisted,convertible,red,ca,38.614952,-121.271667,2021-04-29T12:03:46-0700,False
652,7313381221,35998,2019,chevrolet,unlisted,6,gas,11758.0,automatic,rwd,unlisted,truck,unlisted,mt,47.7989,-116.7423,2021-04-27T10:40:34-0600,False
653,7315300101,39900,2016,chevrolet,excellent,8,gas,49800.0,automatic,rwd,unlisted,truck,white,ga,27.5429,-82.563,2021-05-01T11:07:50-0400,True
654,7310249387,19650,2011,toyota,unlisted,6,gas,121508.0,automatic,rwd,compact,pickup,grey,fl,26.571661,-81.877633,2021-04-21T08:15:59-0400,False
655,7311867452,10800,2013,honda,good,6,gas,65000.0,automatic,fwd,full-size,mini-van,silver,mn,45.833201,-94.960327,2021-04-24T10:23:30-0500,True
656,7313343457,39990,2020,ram,good,6,gas,6841.0,automatic,4wd,unlisted,pickup,unlisted,ny,43.1,-75.23,2021-04-27T11:41:46-0400,False
657,7307239809,5711,2007,cadillac,excellent,8,gas,184192.0,automatic,unlisted,unlisted,SUV,unlisted,mi,42.568136,-83.813674,2021-04-15T12:31:32-0400,False
658,7314626937,5998,2008,mitsubishi,excellent,6,gas,101000.0,automatic,fwd,mid-size,sedan,silver,fl,30.313061,-81.585132,2021-04-29T20:57:42-0400,False
659,7304734254,18500,2014,cadillac,like new,6,gas,56000.0,automatic,4wd,mid-size,coupe,black,ny,42.9695,-77.5781,2021-04-10T12:46:26-0400,False
660,7315248911,4900,2005,buick,good,6,gas,81594.0,automatic,fwd,unlisted,unlisted,red,mi,42.641515,-84.661751,2021-05-01T09:19:59-0400,False
661,7304288850,0,2013,chevrolet,excellent,4,gas,72100.0,automatic,fwd,mid-size,sedan,silver,oh,39.28685,-84.46832,2021-04-09T14:30:55-0400,False
662,7315304709,0,2011,gmc,unlisted,8,diesel,106166.0,automatic,4wd,unlisted,unlisted,unlisted,ca,33.755638,-116.286258,2021-05-01T08:16:17-0700,False
663,7305814877,1,2020,unlisted,new,6,gas,15.0,automatic,fwd,unlisted,unlisted,unlisted,vt,42.717511,-71.420132,2021-04-12T15:52:08-0400,True
664,7308424178,46990,2019,ram,good,8,gas,28266.0,other,4wd,unlisted,pickup,unlisted,nc,35.19,-80.83,2021-04-17T15:40:43-0400,False
665,7306356250,7900,2005,ford,unlisted,8,gas,120000.0,automatic,rwd,unlisted,van,blue,ma,41.989,-72.5652,2021-04-13T16:30:15-0400,False
666,7315236193,28998,2018,chevrolet,unlisted,6,gas,31712.0,automatic,rwd,compact,pickup,red,tx,35.177308,-101.794475,2021-05-01T07:42:04-0500,False
667,7315161016,25999,2015,subaru,unlisted,4,gas,111985.0,manual,unlisted,unlisted,sedan,blue,ak,61.1194,-149.8974,2021-04-30T19:04:04-0800,True
668,7314962907,25995,2014,toyota,excellent,6,gas,168797.0,automatic,4wd,full-size,SUV,white,mi,43.28348,-86.261376,2021-04-30T15:17:27-0400,False
669,7316749353,34995,2016,porsche,good,10,gas,69248.0,automatic,4wd,full-size,SUV,white,ga,34.0408,-84.3859,2021-05-04T11:51:11-0400,False
670,7306743287,0,2007,saturn,excellent,4,gas,59372.0,automatic,fwd,unlisted,sedan,grey,ma,41.871898,-71.231713,2021-04-14T13:03:15-0400,False
671,7314606222,6980,2016,ford,excellent,4,gas,90844.0,automatic,fwd,unlisted,hatchback,black,wi,43.110524,-89.642236,2021-04-29T19:02:08-0500,True
672,7314627836,14995,2013,ford,excellent,8,gas,128415.0,automatic,4wd,full-size,pickup,white,oh,40.064137,-82.998073,2021-04-29T21:00:26-0400,False
673,7305748252,37900,2020,toyota,excellent,6,gas,27500.0,automatic,fwd,mid-size,mini-van,grey,mi,42.2634,-84.4083,2021-04-12T14:11:09-0400,True
674,7311913864,8000,2006,mercedes-benz,excellent,8,gas,130000.0,automatic,rwd,unlisted,unlisted,silver,ny,43.1941,-77.5016,2021-04-24T12:38:19-0400,False
675,7308854113,36590,2019,gmc,good,8,gas,14222.0,other,4wd,unlisted,pickup,blue,al,33.52,-86.79,2021-04-18T13:30:54-0500,False
676,7316443096,0,2008,toyota,unlisted,6,gas,126529.0,manual,4wd,unlisted,unlisted,unlisted,wa,47.227598,-122.464254,2021-05-03T14:28:24-0700,False
677,7313367347,56900,2021,jeep,new,6,gas,10.0,automatic,4wd,unlisted,unlisted,unlisted,nm,35.0818,-106.6482,2021-04-27T10:19:17-0600,True
678,7306682009,7495,2013,honda,unlisted,4,gas,108071.0,automatic,fwd,unlisted,hatchback,red,oh,39.0731,-84.325896,2021-04-14T11:30:24-0400,False
679,7315300424,24988,2008,ford,excellent,8,diesel,105961.0,automatic,4wd,full-size,pickup,grey,id,42.7178,-114.5012,2021-05-01T09:08:28-0600,False
680,7315316998,8750,2015,volkswagen,excellent,4,gas,78000.0,automatic,fwd,mid-size,sedan,white,mi,43.828426,-86.428699,2021-05-01T11:37:54-0400,False
681,7316889426,8900,2018,nissan,excellent,4,gas,50363.0,automatic,fwd,compact,truck,grey,ca,34.0493,-118.2917,2021-05-04T12:30:43-0700,False
682,7316374009,24900,2019,mazda,like new,4,gas,44265.0,automatic,4wd,mid-size,SUV,grey,ca,34.0493,-118.2917,2021-05-03T12:30:15-0700,False
683,7315899372,14900,2017,ford,excellent,10,gas,155000.0,automatic,rwd,full-size,bus,white,fl,26.9152,-82.0532,2021-05-02T16:01:34-0400,True
684,7309519942,8995,2011,honda,excellent,4,gas,117000.0,automatic,4wd,mid-size,SUV,grey,ri,41.877567,-71.409096,2021-04-19T18:01:53-0400,False
685,7315917587,16950,2015,ram,good,8,gas,149551.0,automatic,rwd,full-size,truck,white,fl,28.5754,-81.3955,2021-05-02T16:37:59-0400,True
686,7315234065,25900,2018,hyundai,unlisted,6,gas,62491.0,automatic,4wd,unlisted,SUV,blue,nc,35.057835,-80.958914,2021-05-01T08:34:10-0400,False
687,7310312036,3500,2002,mercedes-benz,like new,4,gas,122515.0,automatic,rwd,mid-size,hatchback,silver,ny,40.8064,-72.8566,2021-04-21T10:37:24-0400,False
688,7315410666,26990,2012,jaguar,good,8,gas,25078.0,other,rwd,unlisted,sedan,unlisted,ca,38.58,-121.49,2021-05-01T11:12:49-0700,False
689,7312170150,15000,2003,toyota,good,6,gas,182000.0,manual,4wd,mid-size,pickup,green,ca,40.573361,-122.418354,2021-04-24T17:52:41-0700,False
690,7303686165,39999,2019,ram,unlisted,8,gas,11200.0,automatic,4wd,unlisted,truck,custom,wa,47.1991,-122.3151,2021-04-08T09:18:20-0700,True
691,7315725383,2000,1999,dodge,fair,8,gas,157000.0,automatic,rwd,unlisted,SUV,unlisted,hi,21.9074,-159.5832,2021-05-02T04:07:28-1000,False
692,7307659075,11500,2018,ford,like new,4,gas,19000.0,automatic,fwd,compact,sedan,black,me,43.4935,-70.4883,2021-04-16T09:44:39-0400,False
693,7311731753,11950,2015,ford,unlisted,4,gas,72342.0,automatic,4wd,unlisted,SUV,silver,ut,40.746262,-111.939976,2021-04-23T22:26:50-0600,True
694,7309727147,9671,2006,chevrolet,unlisted,8,gas,157432.0,automatic,4wd,unlisted,SUV,red,oh,38.678459,-84.600891,2021-04-20T08:34:47-0400,False
